2514 4178
468 218 631 268 uuonoroou
651 212 739 269 tmen
757 225 791 269 ιι.
1061 201 1098 269 53

190 311 334 374 Aesculus
354 311 383 372 iu
404 312 520 391 primis,
542 332 627 391 quae,
649 322 790 392 quantum
810 312 924 375 vertice
945 315 980 374 ad
1001 333 1087 376 auras

190 391 360 467 Aetherias,
382 399 498 453 tantum
519 393 616 454 radice
636 392 666 452 in
686 395 814 454 Tartara
835 395 941 454 tendit.

189 472 274 548 Ergo
294 491 353 533 nou
369 471 481 532 hiemes
500 471 596 548 illam,
617 491 674 532 non
694 473 798 545 flabra,
820 491 911 551 neque
932 473 1041 533 imbres

189 552 389 612 Convellunt:
412 551 534 612 immota
553 558 663 624 manet,
685 553 852 629 multosque
870 559 991 629 nepotes

189 631 287 690 Multa
307 629 406 690 virdm
427 630 550 690 volvens
570 633 701 692 durando
720 634 835 691 saecula
856 631 968 709 vincit3

189 708 266 769 'lum
286 709 379 770 fortes
399 710 461 769 late
480 727 578 770 ramos
597 717 629 771 et
649 709 768 770 brachia
788 711 909 772 tendens

189 788 255 848 Huc
274 788 357 862 illuc,
379 788 475 851 media
493 789 555 867 ipsa
575 788 723 865 ingentem
743 791 870 851 sustinet
891 791 1035 852 umbram.

152 867 234 928 Neve
255 867 310 929 tibi
329 871 365 929 ad
386 869 479 928 solem
499 876 626 944 vergant
647 867 746 929 vineta
765 871 938 945 cadentem

189 948 274 1008 Neve
295 947 374 1008 inter
393 947 473 1009 vites
492 949 627 1026 corylum
647 965 734 1024 sere;
757 966 830 1008 neve
851 950 969 1026 flagella

188 1029 309 1088 Summa
319 1033 399 1104 pete,
411 1034 462 1088 aut
471 1045 584 1087 summu
596 1026 747 1104 destriuge
757 1045 794 1089 ex
805 1029 910 1088 arbore
921 1031 1047 1106 plantas:
1058 1024 1099 1072 Μ

188 1108 303 1167 Tantus
322 1123 405 1167 amor
425 1113 548 1184 terrae,
566 1124 626 1166 neu
648 1105 730 1167 ferro
751 1107 832 1167 laede
853 1116 952 1169 retuso

189 1185 327 1263 Semina3
349 1204 424 1245 neve
443 1186 525 1245 oleae
545 1186 699 1247 silvestres
720 1184 816 1245 insere
837 1194 977 1250 truncos:

187 1265 267 1327 Nam
285 1282 372 1341 saepe
391 1263 516 1326 incautis
533 1264 700 1342 pastoribus
720 1264 830 1326 excidit
850 1264 938 1341 ignis,

189 1345 257 1417 Qui,
277 1344 382 1405 furtim
401 1343 501 1422 pingui
521 1344 648 1422 primum
668 1346 722 1404 sub
741 1344 852 1404 cortice
872 1352 980 1419 tectuS,

188 1425 308 1486 Robora
327 1423 520 1500 comprendit,
543 1423 715 1500 frondesque
735 1424 851 1500 elapsus
870 1424 899 1483 in
919 1425 997 1487 altas
1056 1423 1095 1468 ⁸⁰⁵

188 1505 340 1580 Ingentem
360 1504 441 1563 coelo
461 1501 588 1563 sonitum
609 1504 710 1579 dedit;
732 1502 798 1562 inde
818 1510 957 1579 sequutus

187 1583 250 1642 Per
268 1599 367 1644 rames
386 1582 484 1644 victor
503 1598 613 1660 perque
633 1582 694 1643 alta
714 1582 860 1642 cacumina
881 1590 999 1658 regnat,

187 1663 230 1723 Et
250 1668 347 1722 totum
366 1661 494 1723 involvit
515 1660 642 1721 fiammis
661 1679 762 1722 nemus
781 1669 812 1721 et
833 1661 895 1722 ruit
915 1670 1011 1723 atram

186 1743 234 1801 Ad
253 1742 366 1801 coelum
387 1742 468 1818 picea
487 1757 603 1801 crassus
622 1740 746 1818 caligine
765 1742 891 1802 nubem:

128 1833 129 1836 ’
187 1820 373 1881 Praesertim
392 1819 417 1880 si
438 1825 598 1897 tempestas
617 1837 635 1880 a
655 1819 768 1880 vertice
788 1820 872 1880 silvis
1054 1817 1095 1863 ³¹⁰

187 1899 333 1974 Incubuit,
355 1901 558 1977 glomeratque
578 1897 675 1958 ferens
693 1898 824 1958 incendia
844 1905 960 1960 ventus.

186 1979 251 2039 Hoc
270 1979 331 2054 ubi,
352 1998 408 2038 non
428 1996 445 2037 a
466 1978 559 2054 stirpe
579 1978 692 2051 valent,
714 1995 870 2055 caesaeque
890 1980 1006 2041 reverti

187 2058 327 2133 Possunt,
349 2065 436 2135 atque
455 2057 515 2117 ima
534 2055 646 2117 similes
665 2055 848 2123 revirescere
871 2064 974 2136 terra3

187 2137 295 2198 Infelix
313 2143 434 2216 superat
454 2135 533 2197 foliis
551 2136 679 2196 oleaster
698 2138 819 2199 amaris.

152 2215 211 2277 Nec
231 2217 285 2279 tibi
305 2223 369 2278 tam
387 2217 515 2294 prudens
534 2215 685 2293 quisquam
704 2218 877 2293 persuadeat
898 2223 1000 2277 auctor
1053 2215 1093 2258 ³¹⁵

187 2297 340 2358 Tellurem
358 2296 447 2357 borea
466 2294 594 2371 rigidam
613 2294 742 2371 spirante
763 2295 887 2355 moveri.

188 2377 272 2438 Rura
291 2376 360 2453 gelu
380 2381 445 2436 turn
464 2372 575 2434 claudit
594 2373 701 2445 hiems,
721 2391 785 2448 neo,
806 2374 916 2434 semine
935 2373 1025 2446 iacto,

144 2470 147 2475 ·
187 2456 361 2517 concretam
380 2454 495 2532 patitur
514 2452 642 2514 radicem
661 2452 793 2530 adfigere
813 2461 925 2514 terrac.

187 2536 316 2614 Optuma
335 2533 444 2594 vinetis
463 2531 550 2607 satio,
571 2551 660 2610 quum
681 2551 753 2593 vere
772 2533 890 2593 rubenti

187 2614 315 2676 Candida
334 2612 416 2675 venit
434 2609 510 2683 avis,
530 2609 627 2687 longis
645 2610 738 2674 invisa
759 2612 899 2681 colubris,
1052 2609 1094 2654 ³2⁰

186 2692 291 2756 Prima
309 2693 359 2755 vel
379 2689 527 2753 auctumni
546 2692 600 2750 sub
619 2690 744 2768 frigora,
766 2711 855 2770 quum
873 2691 993 2769 rapidus
1011 2694 1056 2754 sol

170 2800 172 2803 ·
185 2773 322 2835 Nondum
340 2769 468 2832 hiemem
480 2769 625 2846 contingit
637 2769 730 2849 equis,
745 2770 804 2832 iam
820 2772 964 2850 praeterit
984 2779 1090 2834 aestas.

185 2852 250 2912 Ver
269 2853 341 2914 adeo
360 2850 457 2912 frondi
475 2868 639 2925 nemorum,
661 2868 716 2910 ver
736 2849 811 2910 utile
831 2850 935 2927 silvis3

184 2928 266 2991 Vere
286 2936 403 2992 tument
422 2938 524 2992 terrae
543 2936 575 2990 et
594 2929 735 3005 genitalia
754 2929 864 2990 semina
883 2935 1015 3008 poscunt.

184 3012 260 3071 'lum
281 3010 374 3071 Pater
393 3009 575 3084 omnipotens
594 3009 723 3068 t'ecuudis
742 3007 885 3069 imbribus
905 3011 1020 3070 Aether
1050 3008 1091 3054 Μ

184 3090 324 3167 Coniugis
344 3089 373 3148 in
393 3089 540 3165 gremium
560 3089 655 3148 laetae
675 3089 834 3162 descendit,
856 3095 887 3149 et
907 3107 1007 3151 omnes

184 3169 312 3244 Magnus
330 3167 398 3237 alit,
418 3184 523 3243 magno
543 3167 719 3228 commixtus
740 3186 874 3245 corpore,
895 3168 993 3229 ictus:

183 3246 261 3307 Aria
280 3253 346 3308 tum
365 3252 503 3308 resonant
524 3245 626 3307 avibus
646 3246 780 3322 virgulta
799 3246 924 3319 canoris,

184 3325 225 3385 Et
245 3326 393 3386 Venerem
412 3324 503 3385 certis
523 3331 662 3402 repetunt
681 3332 813 3386 armenta
834 3326 954 3386 diebus:

185 3402 324 3465 Parturit
343 3405 438 3465 almus
458 3422 542 3480 ager,
565 3404 743 3481 zephyrique
763 3405 928 3483 tepentibus
949 3406 1028 3466 auris
1052 3405 1092 3452 ³³⁰
