2514 4178
150 232 184 285 ίδ
500 242 530 288 1³.
550 243 674 286 vinuuu
693 242 728 288 ir.

186 329 276 388 Mella
297 328 393 390 favis:
416 329 463 390 illi
483 329 577 405 tiliae,
600 338 688 407 atque
709 328 858 392 uberrima
871 330 979 409 pinus:

184 408 317 488 Quotque
337 408 367 470 in
387 411 462 472 flore
480 428 557 471 novo
576 408 670 489 pomis
689 429 722 472 se
742 409 851 471 fertilis
869 414 959 473 arbos

184 489 335 562 Induerat,
357 490 482 550 totidem
503 496 658 550 auctumno
679 498 796 550 matura
815 493 946 551 tenebat.

185 567 240 625 lile
260 567 350 626 etiam
371 587 452 628 seras
472 568 501 627 in
524 586 641 627 versum
657 568 774 629 distulit
789 569 895 643 ulmos,

183 645 369 724 Eduramque
388 647 498 726 pirum,
519 653 551 708 et
571 647 668 724 spinos
688 647 746 707 iam
766 666 860 726 pruna
880 649 1020 726 ferentes
1058 651 1097 695 ¹4⁵

183 728 302 803 lamque
322 728 539 787 ministrantem
559 729 711 803 platanum
730 728 899 804 potantibus
924 733 1055 792 umbras.

184 805 298 866 Verum
317 807 388 866 haec
407 805 469 884 ipse
490 806 624 882 equidem
643 807 747 883 spatiis
767 809 904 868 exclusus
924 808 1032 886 iniquis

183 885 356 958 Praetereo,
378 893 466 962 atque
486 886 552 946 aliis
572 892 639 963 post
660 905 707 944 me
727 890 915 949 memoranda
936 889 1079 968 relinquo.

143 966 228 1025 Nunc
248 984 314 1041 age,
337 973 469 1034 naturas
490 966 590 1043 apibus
610 984 682 1043 quas
702 967 835 1043 luppiter
854 967 917 1043 ipse

183 1046 317 1119 Addidit,
339 1045 512 1121 expediam:
534 1064 588 1121 pro
609 1065 665 1120 qua
685 1047 831 1118 mercede,
853 1065 976 1108 cancros
1056 1045 1094 1090 ¹⁵⁰

183 1127 325 1186 Curetum
345 1124 457 1185 sonitus
476 1124 708 1202 crepitantiaque
729 1143 798 1185 aera
821 1132 974 1202 sequutae,

182 1205 303 1266 Dictaeo
322 1204 398 1264 coeli
417 1206 532 1280 Regem
553 1221 661 1281 pavere
682 1205 735 1264 sub
756 1210 853 1264 antro.

182 1286 269 1345 Solae
289 1301 456 1345 communes
477 1291 571 1356 natos,
592 1283 740 1344 consortia
754 1291 835 1344 tecta

183 1365 275 1427 Vrbis
293 1365 412 1437 habent,
428 1362 598 1440 magnisque
619 1363 733 1438 agitant
755 1365 808 1424 sub
829 1364 944 1441 legibus
965 1385 1089 1427 aevum:

182 1446 223 1504 Et
243 1444 371 1521 patriam
391 1443 481 1517 solae,
504 1450 534 1502 et
556 1450 654 1501 certos
674 1461 783 1502 novere
804 1443 953 1505 Penates:
1054 1446 1092 1488 ¹⁵⁵

182 1525 388 1599 venturaeque
409 1522 512 1583 hiemis
532 1539 676 1581 memores
696 1530 810 1583 aestate
830 1523 963 1585 laborem

180 1603 393 1682 Experiuntur,
414 1609 447 1662 et
465 1601 496 1662 in
515 1602 644 1662 medium
664 1602 795 1678 quaesita
815 1612 970 1680 reponunt.

181 1684 314 1760 Namque
333 1683 409 1742 aliae
430 1683 512 1742 victu
531 1681 700 1756 invigilant,
723 1689 754 1741 et
774 1682 891 1742 foedere
912 1693 999 1762 pacto

181 1763 369 1823 Exercentur
390 1760 492 1837 agris:
513 1779 583 1838 pars
603 1762 683 1821 intra
703 1768 786 1838 septa
807 1764 962 1823 dumorum

181 1841 314 1903 Narcissi
333 1841 497 1912 lacrimam,
520 1848 550 1901 et
572 1841 684 1900 lentum
705 1843 742 1900 de
762 1841 874 1901 cortice
893 1843 1010 1919 gluten,
1054 1845 1090 1887 1⁵⁰

181 1921 284 1982 Prima
303 1920 379 1981 favis
399 1927 508 1998 ponunt
529 1920 708 1994 fundamina,
731 1920 834 1981 deinde
856 1929 973 1984 tenaces

181 2002 367 2080 Suspendant
388 2016 493 2059 ceras:
515 1999 601 2071 aliae,
623 2017 706 2076 spem
730 2001 838 2076 gentis,
854 2002 971 2064 adultos

180 2080 316 2141 Educunt
337 2079 435 2139 fetus:
458 2079 531 2139 aliae
552 2078 709 2155 purissima
722 2081 812 2140 mella

180 2160 319 2239 Stipant:
342 2167 373 2219 et
393 2158 503 2236 liquido
523 2158 693 2219 distendunt
714 2167 833 2218 nectare
853 2161 954 2221 cellas.

178 2239 265 2314 Sunt,
287 2239 391 2317 quibus
410 2240 569 2316 adportas
588 2237 695 2298 cecidit
715 2239 846 2298 custodia
869 2239 967 2314 sorti,
1053 2242 1089 2284 ¹⁵⁵

178 2319 268 2397 inque
287 2318 384 2379 vicem
403 2319 591 2394 speculantur
611 2335 701 2394 aquas
721 2324 752 2377 et
773 2319 871 2379 nubila
890 2320 987 2394 coeli,

178 2402 239 2459 Aut
260 2418 348 2459 onera
369 2397 513 2475 accipiunt
536 2396 715 2470 venientum,
737 2405 788 2457 aut
809 2397 924 2472 agmine
951 2400 1030 2461 facto

175 2481 330 2555 Ignavum,
351 2478 442 2551 fucos,
465 2494 552 2553 pecus
571 2496 589 2537 a
608 2476 795 2554 praesepibus
815 2486 926 2538 arcent.

175 2559 289 2620 Fervet
309 2575 381 2637 opus
400 2557 591 2635 redolentque
611 2558 716 2632 thymo
736 2556 898 2632 fragrantia
920 2560 1020 2621 mella.

176 2642 220 2699 Ac
240 2640 345 2713 veluti,
368 2636 458 2697 lentis
478 2637 622 2712 Cyclopes
640 2635 762 2695 fulmina
784 2637 887 2698 massis
1050 2641 1087 2682 ¹7⁰

176 2720 270 2789 Quum
291 2724 462 2795 properant,
484 2715 536 2775 alii
555 2713 680 2775 taurinis
702 2713 821 2775 follibus
841 2734 927 2776 auras

175 2797 331 2874 Accipiunt
351 2797 545 2872 redduntque,
567 2793 618 2855 alii
637 2793 794 2856 stridentia
815 2794 932 2870 tingunt

175 2880 252 2936 Aera
273 2878 356 2937 lacu:
378 2874 472 2952 gemit
491 2873 638 2952 impositis
657 2872 809 2934 incudibus
821 2878 936 2953 Aetna,

175 2956 225 3015 llli
244 2956 323 3016 inter
343 2972 408 3016 sese
427 2971 532 3030 magna
545 2952 577 3014 vi
590 2952 709 3013 brachia
731 2955 840 3014 tollunt

176 3037 209 3094 ln
229 3053 395 3109 numerum,
417 3041 595 3109 versantque
616 3031 711 3093 tenaci
731 3032 840 3111 forcipe
861 3033 984 3097 ferrum.
1049 3036 1086 3078 ¹⁷⁵

176 3116 243 3174 Non
263 3114 364 3186 aliter,
387 3113 413 3173 si
432 3130 525 3189 parva
545 3111 616 3172 licet
636 3130 809 3189 componere
829 3115 954 3188 magnis,

175 3192 331 3270 Cecropias
350 3191 465 3252 innatus
485 3209 554 3268 apes
573 3208 656 3250 amor
677 3200 765 3267 urget
786 3192 920 3265 habendi,

177 3274 300 3334 Munere
319 3289 463 3348 quamque
482 3289 546 3330 suc.
568 3271 749 3331 Grandaevis
770 3272 873 3349 oppida
893 3292 990 3348 curae,

176 3354 218 3413 Et
238 3350 352 3412 munire
372 3350 466 3420 favos,
486 3357 517 3410 et
538 3350 658 3411 daedala
677 3351 790 3426 fingere
810 3359 910 3412 tecta:

179 3436 218 3511 At
238 3432 331 3496 fessae
351 3430 597 3511 multa‘referuut
618 3447 649 3493 se
669 3438 755 3496 nocte
776 3429 904 3506 minores
1047 3432 1085 3477 asu
