2514 4178
422 273 584 341 ducncicou
603 294 691 340 ιω
710 293 752 339 Ν.
1021 276 1060 342 83

154 378 275 460 Clioque
293 389 325 445 et
345 385 440 445 Beroe
459 401 556 456 soror,
578 380 761 444 Oceanitides
781 381 894 453 ambae,

154 462 266 522 Ambae
285 479 368 538 auro,
392 462 477 540 pictis
496 461 637 524 incinctae
656 463 781 540 pellibus
801 463 923 523 ambaca

154 541 253 619 Atque
274 543 406 619 Ephyre,
429 548 515 620 atque
536 541 617 620 Opis,
639 547 670 602 et
691 541 761 603 Asia
781 541 927 618 Deiopeat

155 617 196 679 lit
216 621 334 681 tandem
353 618 458 698 positis
478 621 566 682 velox
585 623 733 682 Arethusa
753 612 884 695 sagittis.

154 693 237 759 Inter
257 715 329 836 ques
348 711 448 759 euram
468 696 608 838 qumenc
628 695 767 761 narrabat
790 700 903 759 inanem
1019 688 1061 740 ¹³¹⁵

154 771 290 849 Vulcan,
313 774 476 857 Martisque
515 780 578 840 oles
597 784 628 839 et
648 771 740 839 dulcia
763 777 862 838 furtel

153 850 252 934 Atque
273 856 351 918 Chao
371 855 473 918 denses
493 857 601 918 Divum
621 857 792 919 numerabat
812 867 937 920 amores·

154 935 289 996 Carmine
309 948 365 1014 quo
384 943 499 1014 captae,
519 939 588 998 dum
607 930 679 999 iusis
699 937 799 997 mollia
819 950 907 1014 pensa

153 1008 334 1088 Devolvunt,
355 1012 465 1076 iterum
485 1024 633 1077 maternas
652 1014 769 1093 impulit
789 1023 875 1075 aures

154 1089 265 1155 Luctus
285 1093 424 1168 Aristaei,
446 1094 609 1172 vitreisque
629 1088 769 1157 sedilibus
789 1109 888 1155 omnes

154 1173 358 1264 Obstupuere:
380 1168 431 1235 sed
450 1183 518 1236 ante
538 1176 611 1235 alias
630 1176 780 1235 Arethusa
799 1184 917 1235 sorores

154 1244 351 1328 Prospiciens,
372 1271 485 1314 summa
505 1245 615 1315 flavum
634 1261 720 1330 caput
741 1252 853 1325 extulit,
870 1243 957 1313 unda.

153 1324 194 1391 Et
216 1333 337 1408 procul:
359 1333 384 1390 Ο
404 1333 519 1408 gemitu
537 1348 593 1394 non
613 1330 724 1392 frustra
745 1331 891 1392 exterrita
912 1326 1008 1406 tante,

154 1413 270 1485 Cyrene
290 1426 395 1470 soror:
417 1412 479 1490 ipse
499 1411 554 1488 tibi
575 1418 626 1472 tua
646 1429 781 1471 maxuma
800 1427 881 1484 cura,
1053 1480 1056 1484 Α

154 1484 264 1549 Tristis
283 1481 447 1563 Aristaeus,
470 1490 559 1551 Penei
579 1491 722 1567 genitoris
742 1492 778 1550 ad
798 1490 903 1549 undam
1020 1472 1062 1532 ὅθ

154 1562 223 1628 Stat
244 1569 420 1644 lacrymans,
441 1576 473 1629 et
493 1576 524 1629 te
544 1571 693 1630 crudelem
714 1566 828 1629 nomine
848 1567 931 1628 dicit.

153 1644 229 1708 Huic
248 1665 385 1723 percussa
405 1666 480 1709 nova
500 1657 627 1708 mentem
647 1645 800 1708 fcrlnidine
821 1655 928 1719 mater,

153 1727 228 1800 Duo,
249 1744 315 1803 age,
338 1728 393 1786 duc
412 1729 448 1787 ad
469 1745 540 1788 nos:
562 1728 605 1788 ias
625 1719 670 1787 illi
691 1728 791 1788 limina
810 1725 918 1785 Divum

154 1807 300 1881 Tangere,
320 1807 384 1865 ait:
406 1800 494 1867 simul
514 1807 575 1866 alta
595 1805 675 1867 iubet
695 1805 844 1867 discedere
865 1804 926 1864 late

153 1881 300 1957 Flumina,
323 1901 378 1962 qua
398 1883 510 1946 iuvenIs
531 1902 651 1962 gressus
670 1885 805 1945 inferret.
827 1886 868 1942 At
889 1882 975 1944 illum
1020 1874 1061 1925 ³⁰⁰

154 1961 284 2025 Curvata
304 1963 333 2023 in
354 1965 461 2025 montis
481 1966 584 2025 faciem
603 1960 801 2026 circumstetit
823 1962 920 2035 unda,⁴

153 2043 331 2119 decepitque
351 2043 415 2103 sinu
436 2052 532 2114 vasto,
554 2040 691 2122 misitque
712 2046 766 2104 sub
786 2059 910 2104 amnem.

153 2122 271 2198 Iamque
291 2124 407 2182 domum
428 2121 536 2184 mirans
557 2124 720 2199 genitricis,
743 2129 774 2182 et
794 2120 913 2182 humida
932 2136 1035 2197 regna,

153 2199 360 2278 Spelunolsque
381 2202 461 2261 lacus
480 2204 605 2275 clausos,
627 2203 763 2279 lucosque
784 2206 931 2274 sonantes,

154 2277 230 2351 Ibat,
253 2287 283 2339 et
303 2280 414 2355 ingenti
435 2289 518 2340 motu
537 2282 717 2357 stupefactus
737 2297 889 2357 aquarum,
1021 2273 1060 2321 ⁸⁶³

154 2359 257 2418 Omnia
277 2360 329 2418 sub
350 2377 454 2434 magna
475 2360 602 2420 labentia
622 2359 740 2418 ssumioa
762 2369 845 2420 terra

153 2439 311 2514 Spectabat
331 2439 448 2497 diversa
468 2437 551 2511 locis,
573 2438 749 2514 Phasimque
770 2440 951 2514 Lycumque,

152 2519 193 2576 Et
215 2522 313 2593 caput,
333 2518 407 2576 unde
427 2517 506 2576 altus
526 2517 654 2594 primum
675 2535 705 2577 se
727 2517 855 2594 erumpit
876 2514 1015 2591 Enipeus,

152 2596 237 2654 Vnde
257 2602 341 2670 pater
362 2595 526 2668 Tiberinus,
548 2603 579 2655 et
600 2599 674 2655 unde
694 2596 804 2654 Aniena
825 2596 946 2665 fluenta,

153 2676 350 2750 Saxosumque
371 2692 474 2733 sonans
494 2675 636 2751 HypaniS,
659 2675 819 2752 Mysusque
840 2671 953 2747 Caicus
1021 2667 1061 2715 ⁸7⁰

153 2755 194 2812 Et
216 2752 330 2826 geinina
350 2761 470 2812 auratus
490 2753 605 2813 taurino
625 2771 732 2813 cornua
753 2754 840 2813 vultu

154 2830 309 2900 Eridanus
331 2851 387 2908 quo
406 2849 463 2891 non
482 2832 558 2892 alius
577 2850 632 2909 per
651 2832 768 2909 pinguia
789 2832 870 2891 culta

152 2910 186 2969 ln
206 2928 288 2968 rnare
308 2928 486 2987 purpureum
506 2909 665 2971 violentior
685 2911 776 2970 effluit
796 2909 900 2971 amnis.

152 2989 317 3061 Postquam
333 2996 379 3048 est
399 2989 428 3047 in
449 2989 573 3048 thalami
592 2989 745 3066 pendentia
765 2990 878 3065 pumice
902 2992 982 3050 tecta

152 3067 347 3139 Perventum,
369 3074 400 3126 et
421 3068 503 3143 gnati
524 3069 613 3128 fletus
632 3067 771 3144 cognovit
791 3069 891 3128 inanes
1020 3062 1061 3110 ³⁷⁵

152 3146 278 3220 Cyrene,
301 3144 432 3206 manibus
451 3145 576 3224 liquidos
596 3149 666 3207 daut
687 3146 787 3207 ordine
807 3146 903 3208 fontes

152 3226 324 3294 Germanae,
347 3225 494 3304 tonsisque
513 3225 612 3286 ferunt
633 3225 773 3286 mantelia
797 3225 900 3302 villis;

152 3301 229 3361 Pars
249 3303 343 3379 epulis
363 3312 484 3365 onerant
504 3322 631 3378 mensas,
653 3311 683 3363 et
704 3305 790 3381 plena
810 3309 955 3380 reponunt

153 3381 282 3457 Pocula;
305 3382 464 3443 Panchaeis
484 3385 653 3445 adolescunt
674 3383 790 3458 ignibus
810 3400 900 3457 arae3

152 3457 193 3520 Et
213 3466 330 3521 mater:
352 3462 428 3540 Cape
448 3463 574 3526 Maeonii
594 3461 744 3526 carchesia
762 3460 892 3523 Bacchi:
1019 3453 1062 3506 ⁸⁵⁰
