2514 4178
486 305 635 361 svcomcn,
656 306 719 348 non.
742 305 762 348 1.

148 404 152 411 “
195 395 236 455 Et
256 393 334 456 treta
353 393 514 454 destituent
535 395 626 453 nudos
646 392 675 452 in
696 392 784 452 litore
806 392 921 470 pisces;

195 476 285 544 Ante,
305 471 469 551 pererratis
489 473 640 533 amborum
661 471 778 544 finibus,
801 473 887 536 exsul

193 555 254 614 Aut
274 551 396 614 Ararim
416 552 548 612 Parthus
568 549 660 625 bibet,
682 558 733 612 aut
753 551 908 613 Germania
928 549 1056 627 Tigrim,

194 633 286 703 Quam
306 639 408 691 nostro
429 630 510 691 illius
530 631 647 692 labatur
667 637 786 706 pectore
807 629 920 692 vultus.

157 708 200 767 Μ.
222 715 264 773 At
284 728 337 771 nos
356 709 424 772 hinc
444 709 494 770 alii
515 709 649 771 sitientes
668 708 775 770 ibimus
798 709 910 785 Afros5
1080 732 1100 774 a·

196 790 268 850 Pars
288 789 442 864 Scythiam
463 797 494 849 et
514 788 648 865 rapidum
668 790 775 849 Cretae
796 788 945 848 veniemus
966 788 1076 863 Oaxen,

193 870 233 929 Et
253 868 370 946 penitus
390 876 455 928 toto
476 867 586 929 divisos
606 869 676 928 orbe
697 868 866 928 Britannos.

194 949 238 1006 En
258 965 384 1029 unquam
403 947 517 1025 patrios
537 948 625 1022 longo
645 953 712 1024 post
734 954 866 1024 tempore
886 946 971 1021 fines,

195 1025 334 1104 Pauperis
354 1033 385 1086 et
407 1023 511 1102 tuguri
530 1033 702 1102 congestum
722 1026 832 1104 cespite
851 1027 984 1099 culmen,

193 1105 266 1166 Post
287 1105 411 1183 aliquot,
433 1123 498 1165 mea
518 1123 621 1182 regna,
643 1105 745 1166 videns
764 1106 894 1166 mirabor
914 1103 1045 1165 aristaei
1079 1129 1101 1170 a

191 1183 300 1261 Impius
321 1186 392 1244 baec
413 1192 475 1244 tam
496 1185 576 1246 culta
596 1184 711 1245 novalia
731 1183 817 1244 miles
838 1184 976 1245 habebitl

191 1263 339 1324 Barbarus
358 1264 412 1324 has
432 1262 572 1340 segetesl
593 1282 628 1322 en
650 1282 705 1341 quo
727 1264 870 1324 discordia
890 1264 970 1323 cives

191 1343 337 1404 Produxit
358 1343 482 1403 miseros
496 1342 573 1415 len,
596 1340 662 1420 quis
682 1343 865 1403 consevimus
882 1340 984 1418 agros!

190 1421 289 1481 Insere
308 1440 394 1495 nunc,
417 1423 571 1492 Meliboee,
593 1422 684 1498 piros,
706 1440 779 1498 pone
799 1422 899 1482 ordine
921 1420 1009 1482 vitos.

190 1499 247 1572 Ite,
270 1519 361 1574 meae,
384 1501 456 1561 felix
476 1502 619 1578 quondam
632 1519 731 1578 pecus,
744 1501 798 1573 ite,
819 1502 959 1577 capellae.
1078 1525 1102 1568 aa

189 1577 255 1638 Non
276 1597 332 1658 ego
352 1598 406 1640 vos
426 1581 560 1658 posthac,
577 1579 667 1639 viridi
688 1580 837 1656 proiectus
857 1582 887 1639 in
906 1586 1003 1654 antro,

189 1657 317 1719 Dumosa
335 1660 463 1736 pendere
483 1659 587 1737 procul
608 1660 643 1718 de
663 1677 737 1735 rupe
757 1659 883 1736 videbo;

188 1738 324 1799 Carmina
343 1738 424 1798 nulla
444 1757 565 1813 canam3
588 1758 655 1811 non,
678 1756 725 1797 me
738 1745 887 1814 pascente,
909 1738 1050 1816 capellae,

188 1816 361 1877 Florentcm
381 1817 511 1894 cytisum
534 1825 564 1878 et
585 1817 689 1877 salices
710 1818 839 1895 carpetis
859 1835 984 1878 amaras

157 1895 188 1951 Τ.
206 1896 260 1955 Hic
273 1902 372 1956 tamen
382 1897 456 1956 hanc
470 1915 583 1956 mecum
597 1896 709 1974 poteris
722 1897 907 1974 requiescere
921 1903 1035 1957 noctem
1075 1922 1100 1966 aa

188 1975 306 2034 Fronde
326 1992 414 2051 super
436 1975 536 2034 viridi.
558 1978 633 2036 Sunt
654 1976 736 2035 nobis
756 1977 840 2036 mitia
861 1996 957 2054 poma,

188 2055 346 2113 Castaneae
366 2055 483 2126 molles
506 2062 537 2115 et
558 2055 652 2132 pressi
665 2056 748 2132 copia
769 2056 877 2131 lactis5

189 2133 228 2190 Et
248 2133 307 2191 iam
327 2150 440 2193 summa
460 2134 561 2210 procul
584 2134 724 2195 villarum
744 2136 871 2195 culmina
891 2135 1022 2211 fumant,

186 2211 368 2290 Maioresque
388 2213 495 2274 cadunt
515 2212 585 2274 altis
606 2215 641 2274 de
662 2215 809 2277 montibus
829 2216 959 2275 umbrae.

369 2505 553 2574 ECLOGA*
573 2508 614 2572 ΙΙ.
641 2542 685 2556 -
709 2507 878 2574 ALEXIS.

509 2714 731 2758 ARGVMENTVM·

153 2808 208 2868 S'nb
224 2828 359 2887 persona
373 2813 538 2889 Corydonis
548 2792 686 2890 queritur
698 2834 730 2874 se
744 2817 781 2875 ab
794 2815 929 2877 Alexide
942 2820 1099 2880 contemni.

186 2906 331 2964 Imitatur
359 2907 509 2967 Theocriti
529 2909 624 2985 Idylt.
648 2911 716 2986 III,
738 2914 820 2990 qnod
835 2914 1099 2977 Comnstetinscri·

181 3001 277 3059 'bitum

152 3148 323 3209 Formosum
344 3157 444 3227 pastor
465 3154 602 3230 Corydon
615 3157 738 3217 ardebat
759 3159 880 3232 Alexin,

187 3228 314 3288 Delicias
335 3231 454 3303 domini,
477 3250 540 3304 nec,
563 3234 632 3310 quid
653 3245 801 3312 speraret,
823 3240 960 3300 habebat.

188 3308 316 3366 Tantum
336 3309 414 3369 inter
435 3312 548 3382 densas,
571 3315 705 3374 umbrosa
726 3317 885 3390 cacumina,
901 3319 983 3396 fagos

188 3385 312 3444 Assidue
337 3388 490 3448 veniebat:
511 3391 552 3448 ibi
572 3392 643 3450 haec
662 3393 807 3456 incondita
827 3396 906 3459 solus

190 3465 337 3527 Montibus
357 3473 388 3526 et
409 3467 494 3528 silvis
515 3470 611 3530 studio
632 3470 760 3534 iactabat
782 3475 880 3536 inani:
1089 3503 1102 3550 t
