2514 4178
459 275 618 338 eunomus,
641 276 707 324 noc.
727 275 762 328 u.

395 664 569 743 ECLOGA
590 669 637 740 V.
662 671 859 741 DAPHNIS.

494 1011 714 1062 ARGVMENTVM.

152 1115 293 1178 Pactam
313 1099 488 1190 Daphnidis
503 1119 630 1172 mortem
649 1114 820 1189 deplorant.
842 1114 897 1176 mc
917 1123 1018 1178 nutem
1037 1116 1102 1179 ima·

189 1213 265 1275 tutio
291 1210 457 1274 themata
474 1210 583 1293 Idytlii
601 1211 626 1273 I
641 1217 671 1272 ct
691 1211 783 1274 XIX.

468 1469 639 1528 mensuum,
660 1470 783 1514 morsus.

155 1567 218 1633 ma.
237 1568 299 1632 Gur
317 1586 384 1645 non,
405 1570 520 1648 Mopse,
541 1568 607 1630 boni
627 1568 761 1647 quoniam
780 1567 967 1632 convenimus
985 1569 1082 1646 ambo,

191 1651 238 1710 'l'u
256 1649 383 1710 calamos
401 1648 507 1709 inflare
525 1648 619 1723 leves,
640 1665 695 1724 ego
710 1649 808 1710 dicere
828 1666 943 1728 versuS,

190 1728 246 1789 Hic
265 1729 378 1807 corylis
398 1728 507 1788 mixtas
526 1726 605 1787 inter
624 1727 799 1788 considimus
819 1728 938 1790 ulmosl

154 1809 216 1870 Mo.
238 1807 286 1869 'l'u
305 1809 420 1868 maior:
443 1806 497 1866 tihi
518 1825 565 1866 me
584 1813 631 1868 est
652 1825 774 1886 aequum
788 1825 904 1884 parere,
926 1808 1080 1869 Menalca:

189 1887 260 1948 Sive
279 1888 333 1950 sub
352 1886 481 1947 incertas
500 1886 645 1963 Zephyris
664 1887 844 1948 mutantibus
866 1888 1001 1960 umbras,

189 1965 261 2027 Siue
280 1972 367 2028 antro
387 1965 486 2045 potius
505 1965 696 2026 succedimus.
717 1966 854 2044 Adspice,
877 1973 911 2029 ut
930 1973 1050 2028 antrum

189 2044 347 2108 silvestris
366 2044 443 2106 raris
463 2044 570 2122 sparsit
591 2045 724 2107 labrusca
742 2045 878 2106 racemis.

152 2123 214 2186 Me.
235 2124 386 2186 Montibus
405 2122 436 2184 in
456 2123 566 2185 nostris
585 2125 665 2186 solus
685 2124 740 2185 tihi
759 2132 857 2186 certet
877 2127 1034 2203 Amyntas.

151 2204 215 2264 Μο.
237 2202 335 2279 Quid,
357 2202 382 2265 si
402 2201 480 2264 idem
501 2210 598 2264 certet
619 2204 771 2266 Phoebum
790 2222 930 2283 suparare
949 2205 1101 2267 canendol

153 2282 214 2343 Me.
237 2281 297 2342 lnci
318 2300 346 2356 e,
360 2282 473 2360 Mopse,
490 2281 583 2360 prior,
598 2282 623 2342 si
637 2302 709 2361 quos
723 2291 773 2344 aut
789 2283 940 2361 Phyllidis
953 2283 1048 2363 ignes,
1074 2309 1102 2351 lu

189 2363 251 2420 Aut
271 2301 390 2422 hicanis
409 2362 498 2422 habes
518 2363 628 2436 laudes,
649 2370 701 2422 aut
722 2362 819 2439 iurgia
839 2362 938 2423 Codri.

190 2438 288 2517 Incipe
299 2459 309 2517 ;
329 2448 481 2519 pascentes
501 2441 630 2502 servabit
652 2441 777 2518 Tityrus
798 2443 915 2503 haedos.

153 2517 214 2581 Μο.
237 2518 476 2592 lamosacum
497 2519 587 2581 viridi
606 2538 699 2596 nuper
719 2539 792 2598 quae
811 2520 921 2582 cortice
942 2520 1003 2598 fagi

188 2597 324 2658 Carmina
343 2598 484 2676 descripsi
505 2607 535 2659 et
556 2600 706 2660 modulans
726 2601 843 2662 alterna
862 2598 981 2678 notari,

187 2675 359 2754 Experiar:
380 2683 415 2738 tu
434 2677 537 2739 deinde
556 2676 656 2739 iubeto
675 2685 772 2740 certet
799 2682 958 2756 Amyntac.
1075 2703 1103 2751 ns

153 2755 212 2817 me.
234 2757 327 2823 Muta
347 2754 425 2818 salix
444 2764 584 2834 quantum
603 2757 726 2836 pallenti
742 2757 820 2820 cedit
835 2756 942 2834 olivae,

188 2832 323 2896 Puniceis
342 2834 463 2896 humilis
483 2844 623 2914 quantum
641 2836 770 2899 saliunca
789 2836 910 2907 rosetis,

187 2914 295 2975 Iudicio
315 2920 418 2975 nostro
437 2921 553 2975 tantum
573 2916 627 2975 tibi
647 2917 725 2977 cedit
744 2919 902 2995 Amyntas.

153 2993 214 3057 Μο.
234 2995 293 3054 Sed
314 2999 348 3053 tu
368 2991 466 3052 desine
486 2995 584 3070 plura,
605 3013 698 3073 puer3
720 2995 912 3058 successimus
923 3004 1021 3061 antro.

186 3069 378 3135 Exstinctum
397 3071 553 3150 Nymphae
572 3074 684 3134 crudeli
703 3075 804 3136 funere
823 3076 958 3154 Daphnin
1073 3098 1103 3148 aa

185 3151 335 3228 Flebant3
356 3167 411 3212 vos
430 3150 526 3229 coryli
547 3158 640 3214 tostos
659 3160 691 3214 et
711 3153 831 3214 fiumina
849 3154 1020 3238 Nymphie3

185 3232 282 3302 Quum
301 3229 454 3307 complexa
472 3229 518 3291 sui
536 3248 643 3309 corpus
661 3231 827 3295 miserabile
845 3233 909 3297 nati

185 3314 284 3386 Atque
303 3310 381 3370 Deos
399 3317 488 3388 atque
506 3317 589 3372 astra
611 3319 695 3373 vocat
716 3311 848 3375 crudelia
871 3321 980 3378 mater.

186 3389 253 3448 Non
273 3386 328 3447 ulli
348 3394 447 3464 pastos
465 3388 527 3448 illis
540 3406 629 3466 cgere
642 3391 743 3453 diebus

186 3465 321 3541 Frigida,
332 3466 460 3544 Daphni,
470 3467 561 3529 boves
573 3469 612 3530 ad
624 3468 765 3549 flumina3
786 3470 866 3534 nulla
879 3489 932 3535 nec
944 3491 1060 3537 amnem
1073 3499 1100 3548 25

198 3568 226 3638 p.
244 3567 683 3658 mpetclmeucceanenrqleo
1002 3574 1020 3650 i
