2514 4178
151 272 187 327 <U
514 281 545 329 P·
564 281 686 328 traditu
704 280 740 327 tt.

185 373 346 449 Agrestem
366 370 447 434 tenui
467 372 632 433 meditabor
651 371 793 435 arundine
813 371 941 434 Musam.

186 450 252 511 Non
272 448 381 513 iniussa
399 468 480 512 canu.
502 450 535 514 Si
556 451 620 530 quis
640 458 739 513 tamen
758 452 831 513 haec
850 467 975 530 quoque,
998 446 1097 529 siquis

186 531 296 607 Captus
315 546 415 591 amore
434 530 526 607 leget,
548 537 580 591 te
600 537 729 606 nostrae,
751 530 843 604 Varo,
866 529 1009 607 myricae,
1076 551 1098 594 ro

186 609 350 670 Tenemus
370 626 455 670 omne
474 616 580 686 canet3
602 626 655 669 nec
675 610 794 671 Phoebo
814 607 932 686 gratior
958 608 1020 670 ulla
1040 617 1099 682 est,

183 688 279 759 Quam
299 685 353 748 sibi
375 705 448 765 quae
468 687 542 749 Vari
562 688 753 766 praescripsit
774 688 879 767 pagina
903 704 1020 750 nomeu.

152 765 282 842 Pergite,
305 767 450 828 Pierides.
472 767 609 828 Chromis
627 773 660 828 et
681 768 833 846 Mnasylos
852 766 883 828 in
902 772 989 828 antro

186 847 318 906 Silenum
337 845 422 922 puori
443 863 544 908 somno
563 846 667 908 videre
686 846 842 919 iacentem,

186 925 324 986 Inflatum
343 927 482 986 hesterno
502 943 601 998 venas,
623 932 657 986 ut
677 943 805 1004 semper,
825 925 950 988 Iacchor
1075 949 1101 998 tt

186 1005 274 1064 Serta
294 1005 397 1081 procul
416 1010 531 1066 tantum
551 1003 642 1082 capiti
661 1005 779 1081 delapsa
798 1005 942 1078 iacebant,

185 1084 226 1143 Et
239 1082 349 1159 ‚gravis
368 1082 480 1144 adtrita
498 1085 640 1161 pendebat
660 1085 820 1145 cantharus
839 1101 919 1146 ansa.
1006 1136 1008 1140 .

184 1161 340 1239 Aggressi,
361 1181 429 1222 nam
449 1179 534 1239 saepe
554 1181 644 1223 senex
662 1180 714 1240 spe
734 1161 871 1224 carminis
890 1162 975 1224 ambo

185 1242 333 1318 Luserat;
355 1240 487 1301 inliciunt
507 1241 579 1319 ipsis
598 1261 636 1303 ex
657 1242 773 1302 vincula
792 1241 893 1302 sertis.

184 1320 276 1381 Addit
297 1338 329 1381 se
349 1320 456 1382 sociam
477 1320 645 1399 timidisque
665 1318 837 1399 supervenit
858 1321 964 1396 Aegle,
1072 1344 1099 1392 ω

185 1401 290 1476 Aegle,
312 1399 456 1461 Naiadum
477 1400 693 1477 pulcherrima;
714 1399 829 1479 iamque
850 1399 962 1460 videnti

181 1478 355 1554 Sanguineis
375 1478 504 1539 frontem
524 1478 615 1540 moris
636 1487 666 1540 et
688 1485 821 1556 tempora
842 1479 949 1555 pingit.

184 1559 239 1617 llle
260 1559 358 1618 dolum
378 1558 487 1639 ridens,
509 1560 572 1630 Quo
593 1558 707 1618 vincula
728 1556 872 1618 nectitis?
893 1556 999 1634 iuquit.

183 1636 300 1696 Solvite
320 1654 379 1709 me,
402 1637 497 1714 pueri,
518 1637 591 1698 satis
611 1645 657 1699 est
679 1636 808 1714 potuisse
829 1636 937 1697 videri.

183 1716 329 1792 Carmina,
351 1733 424 1793 quae
444 1716 546 1789 voltis,
567 1716 756 1792 cognoscite3
778 1715 908 1776 carmina
923 1714 1019 1791 vobis,
1072 1740 1099 1786 25

169 1795 258 1854 lluio
278 1795 358 1856 aliud
379 1795 523 1855 mercedis
543 1795 614 1856 erit.
636 1796 732 1856 Simul
751 1794 853 1872 incipit
874 1794 948 1872 ipse.

182 1875 260 1934 Tum
280 1891 353 1935 vero
373 1873 576 1933 innumerum
596 1874 769 1950 Faunosque
788 1875 921 1950 iurasque
941 1872 1062 1938 videres

184 1952 310 2026 Ludere,
331 1960 396 2013 tum
416 1952 528 2028 rigidas
548 1960 663 2013 motare
682 1952 830 2014 cacumina
849 1970 985 2031 quercus.

183 2031 247 2091 Nec
268 2037 382 2092 tantum
404 2032 523 2101 Phoebo
543 2034 651 2107 gaudet
674 2031 817 2092 Parnasia
836 2048 937 2108 rupes,

165 2160 167 2165 ,
182 2111 246 2180 Neo
266 2117 381 2172 tautum
402 2112 542 2187 Rhodope
555 2110 702 2171 mirantur
716 2118 747 2170 et
762 2111 890 2171 Ismarus
905 2112 1034 2187 Orphea.
1071 2137 1099 2180 ιο

183 2191 316 2268 Namque
336 2192 468 2265 emebat,
491 2189 536 2250 uti
555 2207 691 2265 magnum
712 2207 764 2266 per
785 2189 868 2250 inane
888 2197 989 2252 coacta

180 2270 298 2330 Semina
319 2276 526 2361 terrarumque
546 2269 713 2345 animaeque
733 2269 880 2344 marisque
899 2268 1037 2346 fuissent,

182 2351 225 2410 Et
244 2347 347 2425 liquidi
367 2348 456 2408 simul
476 2347 575 2425 ignis3
598 2355 631 2407 ut
652 2344 698 2407 his
718 2349 839 2407 exordia
858 2347 963 2423 primis

182 2427 286 2488 Omnia
304 2434 336 2488 et
355 2426 419 2505 ipso
438 2435 523 2488 tener
543 2426 642 2487 mundi
662 2426 848 2486 concreverit
868 2426 969 2503 orbis3

183 2509 259 2568 Tum
279 2509 385 2567 durare
405 2507 499 2567 solum
520 2513 551 2568 et
572 2506 737 2567 discludere
758 2504 855 2564 Nerea
875 2512 964 2581 ponto
1071 2528 1099 2574 ιι

183 2586 333 2664 Coeperit,
353 2593 385 2646 et
405 2602 507 2645 rerum
526 2584 680 2663 paullatim
701 2601 817 2644 sumere
836 2582 968 2658 formas3

183 2666 301 2742 Iamque
323 2683 429 2724 novum
450 2671 551 2725 terrae
571 2669 707 2740 stupeant
729 2663 876 2722 lucescere
897 2664 1001 2737 solem,

184 2744 286 2805 Altius
306 2751 393 2819 atque
413 2744 518 2804 cadant
538 2740 681 2802 submotis
700 2741 822 2801 nubibus
843 2740 964 2814 imbres,

182 2823 323 2900 Incipiunt
344 2819 438 2882 silvae
459 2820 695 2897 quamprimum
715 2838 850 2897 surgere,
873 2837 1019 2899 quumque

183 2904 264 2963 Rara
282 2918 336 2979 per
356 2900 472 2976 ignotos
492 2906 594 2959 errent
613 2898 748 2958 animalia
767 2906 892 2959 montes.
1070 2925 1100 2970 tu

182 2980 258 3040 Hinc
278 2979 390 3055 lapides
411 2980 548 3056 Pyrrhae
569 2978 671 3051 iactos,
694 2977 833 3038 Saturnia
853 2995 957 3054 regua,

182 3058 389 3134 Caucasiasque
410 3057 501 3121 refert
525 3058 660 3117 volucres
680 3055 849 3133 furtumque
871 3055 1057 3118 Promethei.

183 3134 401 3211 Hisadiungit,
422 3135 521 3212 Hylan
541 3143 646 3195 nautae
684 3154 721 3195 uo
741 3134 821 3196 fonte
841 3135 980 3195 relictum

183 3217 376 3287 Clamassent,
398 3219 431 3275 ut
451 3213 536 3289 litus,
557 3213 649 3291 Hyla,
696 3213 760 3291 yla,
782 3231 867 3275 omne
886 3219 1017 3277 sonaret.

185 3296 227 3357 Et
245 3294 437 3365 fortunatam,
458 3291 486 3353 si
505 3309 661 3370 numquam
679 3299 814 3355 armenta
832 3291 968 3369 fuissent,
1071 3315 1101 3366 a

185 3371 348 3450 Pasiphaen
367 3370 446 3434 uinci
465 3370 582 3433 solatur
602 3387 702 3433 amore
721 3368 848 3432 iuvenci.

185 3453 244 3552 hh,
267 3450 354 3545 virgo
375 3449 489 3528 infelix,
510 3466 584 3560 quae
604 3455 635 3514 te
655 3449 801 3536 demeptia
819 3448 918 3557 copiti
