<?xml version="1.0" encoding="UTF-8"?>
<!DOCTYPE html PUBLIC "-//W3C//DTD XHTML 1.0 Transitional//EN"
    "http://www.w3.org/TR/xhtml1/DTD/xhtml1-transitional.dtd">
<html xmlns="http://www.w3.org/1999/xhtml" xml:lang="en" lang="en">
 <head>
  <title>
</title>
<meta http-equiv="Content-Type" content="text/html;charset=utf-8" />
  <meta name='ocr-system' content='tesseract 3.04.00' />
  <meta name='ocr-capabilities' content='ocr_page ocr_carea ocr_par ocr_line ocrx_word'/>
</head>
<body>
  <div class='ocr_page' id='page_1' title='image "./bvcolicaetgeorg00virggoog_0074.png"; bbox 0 0 2514 4178; ppageno 0'>
   <div class='ocr_carea' id='block_1_1' title="bbox 450 231 1093 296">
    <p class='ocr_par' dir='ltr' id='par_1_1' title="bbox 450 231 1093 296">
     <span class='ocr_line' id='line_1_1' title="bbox 450 231 1093 296; baseline -0.003 0"><span class='ocrx_word' id='word_1_1' title='bbox 450 253 613 296; x_wconf 75' lang='lat' dir='ltr'>eucnemon</span> <span class='ocrx_word' id='word_1_2' title='bbox 633 253 721 296; x_wconf 80' lang='lat' dir='ltr'>nunna</span> <span class='ocrx_word' id='word_1_3' title='bbox 742 253 784 296; x_wconf 87' lang='lat'>111.</span> <span class='ocrx_word' id='word_1_4' title='bbox 1053 231 1093 295; x_wconf 85' lang='grc'>69</span> 
     </span>
    </p>
   </div>
   <div class='ocr_carea' id='block_1_2' title="bbox 147 345 1207 3497">
    <p class='ocr_par' dir='ltr' id='par_1_2' title="bbox 180 345 1038 506">
     <span class='ocr_line' id='line_1_2' title="bbox 180 345 1038 422; baseline 0.002 -16"><span class='ocrx_word' id='word_1_5' title='bbox 180 345 244 406; x_wconf 89' lang='lat' dir='ltr'>Hos</span> <span class='ocrx_word' id='word_1_6' title='bbox 264 365 319 407; x_wconf 88' lang='lat' dir='ltr'>non</span> <span class='ocrx_word' id='word_1_7' title='bbox 338 345 479 410; x_wconf 91' lang='lat' dir='ltr'>immissis</span> <span class='ocrx_word' id='word_1_8' title='bbox 498 349 628 422; x_wconf 90' lang='lat' dir='ltr'>canibus,</span> <span class='ocrx_word' id='word_1_9' title='bbox 651 368 708 409; x_wconf 90' lang='lat' dir='ltr'>nou</span> <span class='ocrx_word' id='word_1_10' title='bbox 728 346 856 409; x_wconf 82' lang='lat' dir='ltr'>cassibus</span> <span class='ocrx_word' id='word_1_11' title='bbox 878 345 959 422; x_wconf 93' lang='lat' dir='ltr'>ullis,</span> <span class='ocrx_word' id='word_1_12' title='bbox 1037 383 1038 386; x_wconf 61' lang='lat'><em>=</em></span> 
     </span>
     <span class='ocr_line' id='line_1_3' title="bbox 182 424 959 506; baseline 0.001 -22"><span class='ocrx_word' id='word_1_13' title='bbox 182 424 363 487; x_wconf 89' lang='lat' dir='ltr'>Puniceaevo</span> <span class='ocrx_word' id='word_1_14' title='bbox 383 426 498 503; x_wconf 90' lang='lat' dir='ltr'>agitant</span> <span class='ocrx_word' id='word_1_15' title='bbox 520 427 640 505; x_wconf 89' lang='lat' dir='ltr'>pavidos</span> <span class='ocrx_word' id='word_1_16' title='bbox 661 427 815 488; x_wconf 87' lang='lat' dir='ltr'>formidine</span> <span class='ocrx_word' id='word_1_17' title='bbox 835 426 959 506; x_wconf 86' lang='lat' dir='ltr'>pinnae;</span> 
     </span>
    </p>

    <p class='ocr_par' dir='ltr' id='par_1_3' title="bbox 180 503 1095 820">
     <span class='ocr_line' id='line_1_4' title="bbox 180 503 1029 584; baseline -0.001 -21"><span class='ocrx_word' id='word_1_18' title='bbox 180 504 240 564; x_wconf 89' lang='lat' dir='ltr'>Sed</span> <span class='ocrx_word' id='word_1_19' title='bbox 261 503 374 566; x_wconf 81' lang='lat' dir='ltr'>frustra</span> <span class='ocrx_word' id='word_1_20' title='bbox 393 505 558 584; x_wconf 89' lang='lat' dir='ltr'>oppositum</span> <span class='ocrx_word' id='word_1_21' title='bbox 579 507 733 567; x_wconf 89' lang='lat' dir='ltr'>trudentes</span> <span class='ocrx_word' id='word_1_22' title='bbox 752 513 873 583; x_wconf 80' lang='lat' dir='ltr'>pectore</span> <span class='ocrx_word' id='word_1_23' title='bbox 899 509 1029 565; x_wconf 89' lang='lat' dir='ltr'>montem</span> 
     </span>
     <span class='ocr_line' id='line_1_5' title="bbox 180 581 1034 662; baseline 0.001 -21"><span class='ocrx_word' id='word_1_24' title='bbox 180 581 350 644; x_wconf 86' lang='lat' dir='ltr'>Comminus</span> <span class='ocrx_word' id='word_1_25' title='bbox 370 586 545 646; x_wconf 90' lang='lat' dir='ltr'>obtruncant</span> <span class='ocrx_word' id='word_1_26' title='bbox 565 584 658 656; x_wconf 88' lang='lat' dir='ltr'>ferro,</span> <span class='ocrx_word' id='word_1_27' title='bbox 680 585 873 662; x_wconf 79' lang='lat' dir='ltr'>graviterque</span> <span class='ocrx_word' id='word_1_28' title='bbox 893 585 1034 644; x_wconf 89' lang='lat' dir='ltr'>rudentes</span> 
     </span>
     <span class='ocr_line' id='line_1_6' title="bbox 181 657 1095 741; baseline 0.003 -20"><span class='ocrx_word' id='word_1_29' title='bbox 181 662 324 734; x_wconf 83' lang='lat' dir='ltr'>Caedunt,</span> <span class='ocrx_word' id='word_1_30' title='bbox 348 670 379 725; x_wconf 87' lang='lat' dir='ltr'>et</span> <span class='ocrx_word' id='word_1_31' title='bbox 399 681 505 740; x_wconf 86' lang='lat' dir='ltr'>magno</span> <span class='ocrx_word' id='word_1_32' title='bbox 525 664 597 725; x_wconf 92' lang='lat' dir='ltr'>laeti</span> <span class='ocrx_word' id='word_1_33' title='bbox 617 665 745 726; x_wconf 85' lang='lat' dir='ltr'>clamore</span> <span class='ocrx_word' id='word_1_34' title='bbox 766 669 932 741; x_wconf 85' lang='lat' dir='ltr'>reportant.</span> <span class='ocrx_word' id='word_1_35' title='bbox 1054 657 1095 702; x_wconf 76' lang='lat'>³⁷⁵</span> 
     </span>
     <span class='ocr_line' id='line_1_7' title="bbox 181 739 877 820; baseline 0.006 -22"><span class='ocrx_word' id='word_1_36' title='bbox 181 739 242 816; x_wconf 92' lang='lat' dir='ltr'>Ipsi</span> <span class='ocrx_word' id='word_1_37' title='bbox 264 739 294 800; x_wconf 90' lang='lat' dir='ltr'>in</span> <span class='ocrx_word' id='word_1_38' title='bbox 315 741 438 803; x_wconf 83' lang='lat' dir='ltr'>defossis</span> <span class='ocrx_word' id='word_1_39' title='bbox 457 743 598 820; x_wconf 82' lang='lat' dir='ltr'>specubus</span> <span class='ocrx_word' id='word_1_40' title='bbox 618 760 721 804; x_wconf 86' lang='lat' dir='ltr'>secura</span> <span class='ocrx_word' id='word_1_41' title='bbox 740 744 795 804; x_wconf 92' lang='lat' dir='ltr'>sub</span> <span class='ocrx_word' id='word_1_42' title='bbox 814 743 877 802; x_wconf 88' lang='lat' dir='ltr'>alta</span> 
     </span>
    </p>

    <p class='ocr_par' dir='ltr' id='par_1_4' title="bbox 182 817 977 979">
     <span class='ocr_line' id='line_1_8' title="bbox 182 817 977 914; baseline 0 -35"><span class='ocrx_word' id='word_1_43' title='bbox 182 817 251 881; x_wconf 90' lang='lat' dir='ltr'>Otia</span> <span class='ocrx_word' id='word_1_44' title='bbox 272 827 363 896; x_wconf 90' lang='lat' dir='ltr'>agunt</span> <span class='ocrx_word' id='word_1_45' title='bbox 384 828 479 895; x_wconf 89' lang='lat' dir='ltr'>terra,</span> <span class='ocrx_word' id='word_1_46' title='bbox 499 827 694 914; x_wconf 88' lang='lat' dir='ltr'>congestaque</span> <span class='ocrx_word' id='word_1_47' title='bbox 714 823 822 881; x_wconf 88' lang='lat' dir='ltr'>robora</span> <span class='ocrx_word' id='word_1_48' title='bbox 840 826 977 900; x_wconf 87' lang='lat' dir='ltr'>totasque</span> 
     </span>
     <span class='ocr_line' id='line_1_9' title="bbox 182 899 855 979; baseline 0.003 -21"><span class='ocrx_word' id='word_1_49' title='bbox 182 899 357 959; x_wconf 82' lang='lat' dir='ltr'>Advolrere</span> <span class='ocrx_word' id='word_1_50' title='bbox 376 899 449 961; x_wconf 88' lang='lat' dir='ltr'>focis</span> <span class='ocrx_word' id='word_1_51' title='bbox 469 901 576 975; x_wconf 92' lang='lat' dir='ltr'>ulmos,</span> <span class='ocrx_word' id='word_1_52' title='bbox 598 900 716 979; x_wconf 87' lang='lat' dir='ltr'>igmque</span> <span class='ocrx_word' id='word_1_53' title='bbox 737 901 855 961; x_wconf 84' lang='lat' dir='ltr'>dedere.</span> 
     </span>
    </p>

    <p class='ocr_par' dir='ltr' id='par_1_5' title="bbox 181 976 875 1055">
     <span class='ocr_line' id='line_1_10' title="bbox 181 976 875 1055; baseline 0.001 -19"><span class='ocrx_word' id='word_1_54' title='bbox 181 976 239 1036; x_wconf 90' lang='lat' dir='ltr'>Hic</span> <span class='ocrx_word' id='word_1_55' title='bbox 259 984 376 1038; x_wconf 90' lang='lat' dir='ltr'>noctem</span> <span class='ocrx_word' id='word_1_56' title='bbox 397 980 465 1039; x_wconf 92' lang='lat' dir='ltr'>ludo</span> <span class='ocrx_word' id='word_1_57' title='bbox 486 980 606 1051; x_wconf 90' lang='lat' dir='ltr'>ducunt,</span> <span class='ocrx_word' id='word_1_58' title='bbox 628 985 660 1040; x_wconf 90' lang='lat' dir='ltr'>et</span> <span class='ocrx_word' id='word_1_59' title='bbox 681 981 784 1055; x_wconf 90' lang='lat' dir='ltr'>pocula</span> <span class='ocrx_word' id='word_1_60' title='bbox 804 977 875 1040; x_wconf 89' lang='lat' dir='ltr'>laeti</span> 
     </span>
    </p>

    <p class='ocr_par' dir='ltr' id='par_1_6' title="bbox 182 1049 1096 1213">
     <span class='ocr_line' id='line_1_11' title="bbox 182 1049 1096 1134; baseline 0.003 -19"><span class='ocrx_word' id='word_1_61' title='bbox 182 1055 345 1117; x_wconf 85' lang='lat' dir='ltr'>Fermento</span> <span class='ocrx_word' id='word_1_62' title='bbox 363 1064 452 1134; x_wconf 91' lang='lat' dir='ltr'>atque</span> <span class='ocrx_word' id='word_1_63' title='bbox 472 1057 561 1118; x_wconf 90' lang='lat' dir='ltr'>acidis</span> <span class='ocrx_word' id='word_1_64' title='bbox 581 1057 736 1118; x_wconf 85' lang='lat' dir='ltr'>imitantur</span> <span class='ocrx_word' id='word_1_65' title='bbox 758 1057 839 1118; x_wconf 90' lang='lat' dir='ltr'>vitea</span> <span class='ocrx_word' id='word_1_66' title='bbox 858 1055 963 1118; x_wconf 84' lang='lat' dir='ltr'>sorbis.</span> <span class='ocrx_word' id='word_1_67' title='bbox 1055 1049 1096 1096; x_wconf 74' lang='lat'>⁸⁸⁰</span> 
     </span>
     <span class='ocr_line' id='line_1_12' title="bbox 184 1134 883 1213; baseline 0.001 -20"><span class='ocrx_word' id='word_1_68' title='bbox 184 1134 268 1196; x_wconf 86' lang='lat' dir='ltr'>Talis</span> <span class='ocrx_word' id='word_1_69' title='bbox 287 1136 481 1213; x_wconf 84' lang='lat' dir='ltr'>Hyperboreo</span> <span class='ocrx_word' id='word_1_70' title='bbox 502 1139 622 1212; x_wconf 89' lang='lat' dir='ltr'>Septem</span> <span class='ocrx_word' id='word_1_71' title='bbox 642 1135 772 1196; x_wconf 89' lang='lat' dir='ltr'>subiecta</span> <span class='ocrx_word' id='word_1_72' title='bbox 793 1135 883 1196; x_wconf 91' lang='lat' dir='ltr'>trioni</span> 
     </span>
    </p>

    <p class='ocr_par' dir='ltr' id='par_1_7' title="bbox 182 1214 940 1291">
     <span class='ocr_line' id='line_1_13' title="bbox 182 1214 940 1291; baseline 0.004 -19"><span class='ocrx_word' id='word_1_73' title='bbox 182 1214 262 1275; x_wconf 84' lang='lat' dir='ltr'>Gens</span> <span class='ocrx_word' id='word_1_74' title='bbox 281 1214 392 1275; x_wconf 85' lang='lat' dir='ltr'>effrena</span> <span class='ocrx_word' id='word_1_75' title='bbox 416 1215 514 1274; x_wconf 82' lang='lat' dir='ltr'>viriam</span> <span class='ocrx_word' id='word_1_76' title='bbox 535 1216 668 1291; x_wconf 86' lang='lat' dir='ltr'>Rhipaeo</span> <span class='ocrx_word' id='word_1_77' title='bbox 689 1215 825 1276; x_wconf 82' lang='lat' dir='ltr'>tunditur</span> <span class='ocrx_word' id='word_1_78' title='bbox 847 1216 940 1291; x_wconf 83' lang='lat' dir='ltr'>Euro,</span> 
     </span>
    </p>

    <p class='ocr_par' dir='ltr' id='par_1_8' title="bbox 183 1291 883 1370">
     <span class='ocr_line' id='line_1_14' title="bbox 183 1291 883 1370; baseline 0.001 -19"><span class='ocrx_word' id='word_1_79' title='bbox 183 1291 225 1353; x_wconf 88' lang='lat' dir='ltr'>Et</span> <span class='ocrx_word' id='word_1_80' title='bbox 246 1292 387 1369; x_wconf 79' lang='lat' dir='ltr'>pecudum</span> <span class='ocrx_word' id='word_1_81' title='bbox 407 1292 498 1354; x_wconf 87' lang='lat' dir='ltr'>fulvis</span> <span class='ocrx_word' id='word_1_82' title='bbox 518 1295 636 1354; x_wconf 85' lang='lat' dir='ltr'>velatur</span> <span class='ocrx_word' id='word_1_83' title='bbox 656 1311 780 1370; x_wconf 85' lang='lat' dir='ltr'>corpora</span> <span class='ocrx_word' id='word_1_84' title='bbox 800 1292 883 1354; x_wconf 90' lang='lat' dir='ltr'>setis.</span> 
     </span>
    </p>

    <p class='ocr_par' dir='ltr' id='par_1_9' title="bbox 147 1368 1207 1685">
     <span class='ocr_line' id='line_1_15' title="bbox 147 1368 1207 1450; baseline -0.002 -18"><span class='ocrx_word' id='word_1_85' title='bbox 147 1368 176 1432; x_wconf 75' lang='lat' dir='ltr'>Si</span> <span class='ocrx_word' id='word_1_86' title='bbox 197 1370 253 1433; x_wconf 88' lang='lat' dir='ltr'>tibi</span> <span class='ocrx_word' id='word_1_87' title='bbox 274 1371 408 1432; x_wconf 90' lang='lat' dir='ltr'>lanitium</span> <span class='ocrx_word' id='word_1_88' title='bbox 428 1389 536 1450; x_wconf 89' lang='lat' dir='ltr'>curae;</span> <span class='ocrx_word' id='word_1_89' title='bbox 558 1373 687 1450; x_wconf 88' lang='lat' dir='ltr'>primum</span> <span class='ocrx_word' id='word_1_90' title='bbox 707 1389 810 1449; x_wconf 89' lang='lat' dir='ltr'>aspera</span> <span class='ocrx_word' id='word_1_91' title='bbox 830 1372 907 1432; x_wconf 91' lang='lat' dir='ltr'>silva</span> <span class='ocrx_word' id='word_1_92' title='bbox 1205 1435 1207 1440; x_wconf 64' lang='grc'><strong>,</strong></span> 
     </span>
     <span class='ocr_line' id='line_1_16' title="bbox 183 1443 1089 1528; baseline -0.002 -18"><span class='ocrx_word' id='word_1_93' title='bbox 183 1451 356 1527; x_wconf 84' lang='lat' dir='ltr'>Lappaeque</span> <span class='ocrx_word' id='word_1_94' title='bbox 377 1450 537 1528; x_wconf 90' lang='lat' dir='ltr'>tribulique</span> <span class='ocrx_word' id='word_1_95' title='bbox 557 1451 678 1511; x_wconf 86' lang='lat' dir='ltr'>absint:</span> <span class='ocrx_word' id='word_1_96' title='bbox 700 1451 768 1526; x_wconf 82' lang='lat' dir='ltr'>suge</span> <span class='ocrx_word' id='word_1_97' title='bbox 788 1451 893 1526; x_wconf 88' lang='lat' dir='ltr'>pabula</span> <span class='ocrx_word' id='word_1_98' title='bbox 913 1449 1013 1510; x_wconf 83' lang='lat' dir='ltr'>laeta:</span> <span class='ocrx_word' id='word_1_99' title='bbox 1046 1443 1089 1491; x_wconf 63' lang='lat'>⁸³³</span> 
     </span>
     <span class='ocr_line' id='line_1_17' title="bbox 183 1527 976 1606; baseline -0.004 -16"><span class='ocrx_word' id='word_1_100' title='bbox 183 1528 384 1606; x_wconf 87' lang='lat' dir='ltr'>Continuoque</span> <span class='ocrx_word' id='word_1_101' title='bbox 403 1547 511 1606; x_wconf 81' lang='lat' dir='ltr'>greges</span> <span class='ocrx_word' id='word_1_102' title='bbox 533 1530 614 1590; x_wconf 93' lang='lat' dir='ltr'>villis</span> <span class='ocrx_word' id='word_1_103' title='bbox 634 1530 702 1606; x_wconf 84' lang='lat' dir='ltr'>lege</span> <span class='ocrx_word' id='word_1_104' title='bbox 722 1529 863 1588; x_wconf 91' lang='lat' dir='ltr'>mollibus</span> <span class='ocrx_word' id='word_1_105' title='bbox 882 1527 976 1590; x_wconf 88' lang='lat' dir='ltr'>albos.</span> 
     </span>
     <span class='ocr_line' id='line_1_18' title="bbox 183 1606 976 1685; baseline -0.001 -18"><span class='ocrx_word' id='word_1_106' title='bbox 183 1608 274 1668; x_wconf 87' lang='lat' dir='ltr'>illum</span> <span class='ocrx_word' id='word_1_107' title='bbox 295 1615 405 1681; x_wconf 90' lang='lat' dir='ltr'>autem,</span> <span class='ocrx_word' id='word_1_108' title='bbox 428 1609 561 1685; x_wconf 85' lang='lat' dir='ltr'>quamvis</span> <span class='ocrx_word' id='word_1_109' title='bbox 583 1608 660 1669; x_wconf 85' lang='lat' dir='ltr'>aries</span> <span class='ocrx_word' id='word_1_110' title='bbox 681 1606 721 1668; x_wconf 88' lang='lat' dir='ltr'>sit</span> <span class='ocrx_word' id='word_1_111' title='bbox 742 1608 881 1669; x_wconf 88' lang='lat' dir='ltr'>candidus</span> <span class='ocrx_word' id='word_1_112' title='bbox 901 1606 976 1684; x_wconf 91' lang='lat' dir='ltr'>ipse,</span> 
     </span>
    </p>

    <p class='ocr_par' dir='ltr' id='par_1_10' title="bbox 184 1686 937 1764">
     <span class='ocr_line' id='line_1_19' title="bbox 184 1686 937 1764; baseline -0.003 -17"><span class='ocrx_word' id='word_1_113' title='bbox 184 1686 281 1761; x_wconf 87' lang='lat' dir='ltr'>Nigra</span> <span class='ocrx_word' id='word_1_114' title='bbox 301 1688 401 1747; x_wconf 90' lang='lat' dir='ltr'>subest</span> <span class='ocrx_word' id='word_1_115' title='bbox 422 1690 478 1746; x_wconf 93' lang='lat' dir='ltr'>udo</span> <span class='ocrx_word' id='word_1_116' title='bbox 498 1694 613 1748; x_wconf 91' lang='lat' dir='ltr'>tantum</span> <span class='ocrx_word' id='word_1_117' title='bbox 634 1687 680 1746; x_wconf 89' lang='lat' dir='ltr'>cui</span> <span class='ocrx_word' id='word_1_118' title='bbox 702 1687 800 1763; x_wconf 89' lang='lat' dir='ltr'>lingua</span> <span class='ocrx_word' id='word_1_119' title='bbox 826 1687 937 1764; x_wconf 76' lang='lat' dir='ltr'>palat03</span> 
     </span>
    </p>

    <p class='ocr_par' dir='ltr' id='par_1_11' title="bbox 183 1765 889 1842">
     <span class='ocr_line' id='line_1_20' title="bbox 183 1765 889 1842; baseline -0.001 -16"><span class='ocrx_word' id='word_1_120' title='bbox 183 1765 298 1838; x_wconf 90' lang='lat' dir='ltr'>Reiice,</span> <span class='ocrx_word' id='word_1_121' title='bbox 321 1783 356 1824; x_wconf 90' lang='lat' dir='ltr'>ue</span> <span class='ocrx_word' id='word_1_122' title='bbox 376 1765 498 1825; x_wconf 89' lang='lat' dir='ltr'>maculis</span> <span class='ocrx_word' id='word_1_123' title='bbox 519 1766 644 1827; x_wconf 85' lang='lat' dir='ltr'>iuiuscet</span> <span class='ocrx_word' id='word_1_124' title='bbox 664 1767 779 1826; x_wconf 88' lang='lat' dir='ltr'>vellera</span> <span class='ocrx_word' id='word_1_125' title='bbox 798 1765 889 1842; x_wconf 90' lang='lat' dir='ltr'>pullis</span> 
     </span>
    </p>

    <p class='ocr_par' dir='ltr' id='par_1_12' title="bbox 183 1833 1096 1922">
     <span class='ocr_line' id='line_1_21' title="bbox 183 1833 1096 1922; baseline -0.003 -18"><span class='ocrx_word' id='word_1_126' title='bbox 183 1845 378 1913; x_wconf 89' lang='lat' dir='ltr'>Nasccutum,</span> <span class='ocrx_word' id='word_1_127' title='bbox 399 1845 541 1922; x_wconf 82' lang='lat' dir='ltr'>plenoque</span> <span class='ocrx_word' id='word_1_128' title='bbox 561 1845 651 1905; x_wconf 91' lang='lat' dir='ltr'>alium</span> <span class='ocrx_word' id='word_1_129' title='bbox 672 1844 863 1921; x_wconf 84' lang='lat' dir='ltr'>circumspice</span> <span class='ocrx_word' id='word_1_130' title='bbox 883 1860 995 1920; x_wconf 90' lang='lat' dir='ltr'>campo.</span> <span class='ocrx_word' id='word_1_131' title='bbox 1056 1833 1096 1880; x_wconf 65' lang='lat'>⁸⁰¹¹</span> 
     </span>
    </p>

    <p class='ocr_par' dir='ltr' id='par_1_13' title="bbox 184 1922 1004 1999">
     <span class='ocr_line' id='line_1_22' title="bbox 184 1922 1004 1999; baseline -0.001 -16"><span class='ocrx_word' id='word_1_132' title='bbox 184 1925 309 1983; x_wconf 90' lang='lat' dir='ltr'>Munere</span> <span class='ocrx_word' id='word_1_133' title='bbox 329 1924 371 1984; x_wconf 89' lang='lat' dir='ltr'>sic</span> <span class='ocrx_word' id='word_1_134' title='bbox 392 1923 478 1983; x_wconf 91' lang='lat' dir='ltr'>niveo</span> <span class='ocrx_word' id='word_1_135' title='bbox 499 1924 593 1998; x_wconf 89' lang='lat' dir='ltr'>lanae,</span> <span class='ocrx_word' id='word_1_136' title='bbox 615 1923 641 1984; x_wconf 91' lang='lat' dir='ltr'>si</span> <span class='ocrx_word' id='word_1_137' title='bbox 661 1926 783 1984; x_wconf 88' lang='lat' dir='ltr'>credere</span> <span class='ocrx_word' id='word_1_138' title='bbox 805 1922 925 1999; x_wconf 92' lang='lat' dir='ltr'>dignum</span> <span class='ocrx_word' id='word_1_139' title='bbox 945 1926 1004 1996; x_wconf 88' lang='lat' dir='ltr'>est,</span> 
     </span>
    </p>

    <p class='ocr_par' dir='ltr' id='par_1_14' title="bbox 185 2000 958 2080">
     <span class='ocr_line' id='line_1_23' title="bbox 185 2000 958 2080; baseline -0.001 -18"><span class='ocrx_word' id='word_1_140' title='bbox 185 2003 250 2062; x_wconf 91' lang='lat' dir='ltr'>Pan</span> <span class='ocrx_word' id='word_1_141' title='bbox 271 2004 343 2063; x_wconf 90' lang='lat' dir='ltr'>deus</span> <span class='ocrx_word' id='word_1_142' title='bbox 363 2003 505 2065; x_wconf 85' lang='lat' dir='ltr'>Arcadiae</span> <span class='ocrx_word' id='word_1_143' title='bbox 525 2010 640 2080; x_wconf 90' lang='lat' dir='ltr'>captam</span> <span class='ocrx_word' id='word_1_144' title='bbox 660 2009 702 2077; x_wconf 90' lang='lat' dir='ltr'>tc,</span> <span class='ocrx_word' id='word_1_145' title='bbox 725 2003 817 2076; x_wconf 89' lang='lat' dir='ltr'>Luna,</span> <span class='ocrx_word' id='word_1_146' title='bbox 839 2000 958 2073; x_wconf 70' lang='lat' dir='ltr'>refellit,</span> 
     </span>
    </p>

    <p class='ocr_par' dir='ltr' id='par_1_15' title="bbox 149 2081 1097 2238">
     <span class='ocr_line' id='line_1_24' title="bbox 185 2081 1097 2158; baseline -0.007 -17"><span class='ocrx_word' id='word_1_147' title='bbox 185 2082 220 2141; x_wconf 92' lang='lat' dir='ltr'>ln</span> <span class='ocrx_word' id='word_1_148' title='bbox 240 2098 359 2142; x_wconf 87' lang='lat' dir='ltr'>nemora</span> <span class='ocrx_word' id='word_1_149' title='bbox 379 2081 440 2141; x_wconf 91' lang='lat' dir='ltr'>alta</span> <span class='ocrx_word' id='word_1_150' title='bbox 460 2099 586 2142; x_wconf 89' lang='lat' dir='ltr'>vocans:</span> <span class='ocrx_word' id='word_1_151' title='bbox 609 2099 662 2141; x_wconf 91' lang='lat' dir='ltr'>uec</span> <span class='ocrx_word' id='word_1_152' title='bbox 682 2089 716 2151; x_wconf 87' lang='lat' dir='ltr'>tu</span> <span class='ocrx_word' id='word_1_153' title='bbox 736 2081 912 2158; x_wconf 85' lang='lat' dir='ltr'>adspernata</span> <span class='ocrx_word' id='word_1_154' title='bbox 931 2083 1097 2140; x_wconf 72' lang='lat' dir='ltr'>vocantem.</span> 
     </span>
     <span class='ocr_line' id='line_1_25' title="bbox 149 2159 974 2238; baseline -0.005 -15"><span class='ocrx_word' id='word_1_155' title='bbox 149 2160 188 2223; x_wconf 80' lang='lat' dir='ltr'>ut</span> <span class='ocrx_word' id='word_1_156' title='bbox 209 2159 256 2219; x_wconf 92' lang='lat' dir='ltr'>cui</span> <span class='ocrx_word' id='word_1_157' title='bbox 277 2160 364 2220; x_wconf 91' lang='lat' dir='ltr'>lactis</span> <span class='ocrx_word' id='word_1_158' title='bbox 385 2178 480 2235; x_wconf 89' lang='lat' dir='ltr'>amor,</span> <span class='ocrx_word' id='word_1_159' title='bbox 502 2160 632 2236; x_wconf 86' lang='lat' dir='ltr'>cytisum</span> <span class='ocrx_word' id='word_1_160' title='bbox 652 2161 786 2238; x_wconf 91' lang='lat' dir='ltr'>lotosque</span> <span class='ocrx_word' id='word_1_161' title='bbox 806 2161 974 2237; x_wconf 84' lang='lat' dir='ltr'>frequentes</span> 
     </span>
    </p>

    <p class='ocr_par' dir='ltr' id='par_1_16' title="bbox 187 2229 1098 2317">
     <span class='ocr_line' id='line_1_26' title="bbox 187 2229 1098 2317; baseline -0.004 -17"><span class='ocrx_word' id='word_1_162' title='bbox 187 2240 253 2316; x_wconf 91' lang='lat' dir='ltr'>Ipse</span> <span class='ocrx_word' id='word_1_163' title='bbox 274 2257 359 2299; x_wconf 88' lang='lat' dir='ltr'>manu</span> <span class='ocrx_word' id='word_1_164' title='bbox 380 2240 529 2316; x_wconf 89' lang='lat' dir='ltr'>salsasque</span> <span class='ocrx_word' id='word_1_165' title='bbox 549 2239 625 2299; x_wconf 83' lang='lat' dir='ltr'>ierat</span> <span class='ocrx_word' id='word_1_166' title='bbox 647 2240 833 2317; x_wconf 88' lang='lat' dir='ltr'>praesepibus</span> <span class='ocrx_word' id='word_1_167' title='bbox 852 2239 970 2298; x_wconf 90' lang='lat' dir='ltr'>herbas.</span> <span class='ocrx_word' id='word_1_168' title='bbox 1057 2229 1098 2277; x_wconf 71' lang='lat'>⁸⁰³</span> 
     </span>
    </p>

    <p class='ocr_par' dir='ltr' id='par_1_17' title="bbox 185 2316 1058 2395">
     <span class='ocr_line' id='line_1_27' title="bbox 185 2316 1058 2395; baseline -0.007 -17"><span class='ocrx_word' id='word_1_169' title='bbox 185 2319 263 2378; x_wconf 90' lang='lat' dir='ltr'>Hinc</span> <span class='ocrx_word' id='word_1_170' title='bbox 276 2324 307 2378; x_wconf 92' lang='lat' dir='ltr'>et</span> <span class='ocrx_word' id='word_1_171' title='bbox 319 2326 417 2378; x_wconf 87' lang='lat' dir='ltr'>amant</span> <span class='ocrx_word' id='word_1_172' title='bbox 429 2319 535 2379; x_wconf 82' lang='lat' dir='ltr'>fluuios</span> <span class='ocrx_word' id='word_1_173' title='bbox 546 2317 651 2395; x_wconf 87' lang='lat' dir='ltr'>magis,</span> <span class='ocrx_word' id='word_1_174' title='bbox 663 2335 697 2377; x_wconf 90' lang='lat' dir='ltr'>ac</span> <span class='ocrx_word' id='word_1_175' title='bbox 710 2318 807 2394; x_wconf 90' lang='lat' dir='ltr'>magis</span> <span class='ocrx_word' id='word_1_176' title='bbox 821 2319 909 2377; x_wconf 86' lang='lat' dir='ltr'>ubera</span> <span class='ocrx_word' id='word_1_177' title='bbox 922 2316 1058 2389; x_wconf 90' lang='lat' dir='ltr'>tendunt,</span> 
     </span>
    </p>

    <p class='ocr_par' dir='ltr' id='par_1_18' title="bbox 186 2397 957 2474">
     <span class='ocr_line' id='line_1_28' title="bbox 186 2397 957 2474; baseline -0.005 -17"><span class='ocrx_word' id='word_1_178' title='bbox 186 2399 229 2457; x_wconf 86' lang='lat' dir='ltr'>Et</span> <span class='ocrx_word' id='word_1_179' title='bbox 250 2397 321 2457; x_wconf 91' lang='lat' dir='ltr'>salis</span> <span class='ocrx_word' id='word_1_180' title='bbox 342 2397 489 2457; x_wconf 92' lang='lat' dir='ltr'>occultum</span> <span class='ocrx_word' id='word_1_181' title='bbox 510 2397 644 2457; x_wconf 84' lang='lat' dir='ltr'>referunt</span> <span class='ocrx_word' id='word_1_182' title='bbox 665 2398 694 2456; x_wconf 93' lang='lat' dir='ltr'>in</span> <span class='ocrx_word' id='word_1_183' title='bbox 716 2397 793 2458; x_wconf 91' lang='lat' dir='ltr'>lacte</span> <span class='ocrx_word' id='word_1_184' title='bbox 812 2413 957 2474; x_wconf 88' lang='lat' dir='ltr'>saporem.</span> 
     </span>
    </p>

    <p class='ocr_par' dir='ltr' id='par_1_19' title="bbox 187 2474 1031 2553">
     <span class='ocr_line' id='line_1_29' title="bbox 187 2474 1031 2553; baseline -0.002 -17"><span class='ocrx_word' id='word_1_185' title='bbox 187 2474 277 2536; x_wconf 90' lang='lat' dir='ltr'>Multi</span> <span class='ocrx_word' id='word_1_186' title='bbox 299 2475 357 2535; x_wconf 92' lang='lat' dir='ltr'>iam</span> <span class='ocrx_word' id='word_1_187' title='bbox 377 2481 514 2536; x_wconf 82' lang='lat' dir='ltr'>excretos</span> <span class='ocrx_word' id='word_1_188' title='bbox 533 2476 689 2553; x_wconf 89' lang='lat' dir='ltr'>prohibent</span> <span class='ocrx_word' id='word_1_189' title='bbox 710 2495 726 2536; x_wconf 89' lang='lat' dir='ltr'>a</span> <span class='ocrx_word' id='word_1_190' title='bbox 747 2476 891 2536; x_wconf 86' lang='lat' dir='ltr'>matribus</span> <span class='ocrx_word' id='word_1_191' title='bbox 912 2474 1031 2545; x_wconf 90' lang='lat' dir='ltr'>haedos,</span> 
     </span>
    </p>

    <p class='ocr_par' dir='ltr' id='par_1_20' title="bbox 188 2552 918 2632">
     <span class='ocr_line' id='line_1_30' title="bbox 188 2552 918 2632; baseline -0.003 -17"><span class='ocrx_word' id='word_1_192' title='bbox 188 2553 347 2631; x_wconf 88' lang='lat' dir='ltr'>Primaque</span> <span class='ocrx_word' id='word_1_193' title='bbox 368 2553 489 2613; x_wconf 86' lang='lat' dir='ltr'>ferratis</span> <span class='ocrx_word' id='word_1_194' title='bbox 510 2555 677 2632; x_wconf 86' lang='lat' dir='ltr'>praefigunt</span> <span class='ocrx_word' id='word_1_195' title='bbox 698 2573 749 2614; x_wconf 87' lang='lat' dir='ltr'>ora</span> <span class='ocrx_word' id='word_1_196' title='bbox 770 2552 918 2632; x_wconf 88' lang='lat' dir='ltr'>capistris.</span> 
     </span>
    </p>

    <p class='ocr_par' dir='ltr' id='par_1_21' title="bbox 188 2626 1092 2710">
     <span class='ocr_line' id='line_1_31' title="bbox 188 2626 1092 2710; baseline 0.001 -18"><span class='ocrx_word' id='word_1_197' title='bbox 188 2633 273 2704; x_wconf 92' lang='lat' dir='ltr'>Quod</span> <span class='ocrx_word' id='word_1_198' title='bbox 291 2639 433 2708; x_wconf 82' lang='lat' dir='ltr'>surgente</span> <span class='ocrx_word' id='word_1_199' title='bbox 453 2633 500 2693; x_wconf 86' lang='lat' dir='ltr'>die</span> <span class='ocrx_word' id='word_1_200' title='bbox 519 2635 648 2694; x_wconf 87' lang='lat' dir='ltr'>mulsere</span> <span class='ocrx_word' id='word_1_201' title='bbox 668 2633 806 2710; x_wconf 87' lang='lat' dir='ltr'>horisque</span> <span class='ocrx_word' id='word_1_202' title='bbox 827 2631 949 2704; x_wconf 83' lang='lat' dir='ltr'>diurnis,</span> <span class='ocrx_word' id='word_1_203' title='bbox 1047 2626 1092 2676; x_wconf 70' lang='lat'>⁴⁰⁰</span> 
     </span>
    </p>

    <p class='ocr_par' dir='ltr' id='par_1_22' title="bbox 188 2710 1079 2788">
     <span class='ocr_line' id='line_1_32' title="bbox 188 2710 1079 2788; baseline -0.004 -17"><span class='ocrx_word' id='word_1_204' title='bbox 188 2713 285 2772; x_wconf 91' lang='lat' dir='ltr'>Nocte</span> <span class='ocrx_word' id='word_1_205' title='bbox 304 2718 465 2788; x_wconf 90' lang='lat' dir='ltr'>premuut;</span> <span class='ocrx_word' id='word_1_206' title='bbox 489 2715 564 2788; x_wconf 92' lang='lat' dir='ltr'>quod</span> <span class='ocrx_word' id='word_1_207' title='bbox 584 2712 643 2772; x_wconf 90' lang='lat' dir='ltr'>iam</span> <span class='ocrx_word' id='word_1_208' title='bbox 664 2712 794 2773; x_wconf 89' lang='lat' dir='ltr'>tenebris</span> <span class='ocrx_word' id='word_1_209' title='bbox 814 2718 845 2772; x_wconf 90' lang='lat' dir='ltr'>et</span> <span class='ocrx_word' id='word_1_210' title='bbox 865 2712 927 2772; x_wconf 89' lang='lat' dir='ltr'>sole</span> <span class='ocrx_word' id='word_1_211' title='bbox 946 2710 1079 2784; x_wconf 82' lang='lat' dir='ltr'>cadente,</span> 
     </span>
    </p>

    <p class='ocr_par' dir='ltr' id='par_1_23' title="bbox 188 2789 1036 2867">
     <span class='ocr_line' id='line_1_33' title="bbox 188 2789 1036 2867; baseline -0.004 -17"><span class='ocrx_word' id='word_1_212' title='bbox 188 2791 250 2850; x_wconf 88' lang='lat' dir='ltr'>Sub</span> <span class='ocrx_word' id='word_1_213' title='bbox 271 2790 366 2849; x_wconf 91' lang='lat' dir='ltr'>lucem</span> <span class='ocrx_word' id='word_1_214' title='bbox 387 2797 547 2866; x_wconf 85' lang='lat' dir='ltr'>exportans</span> <span class='ocrx_word' id='word_1_215' title='bbox 566 2791 694 2851; x_wconf 90' lang='lat' dir='ltr'>calathis</span> <span class='ocrx_word' id='word_1_216' title='bbox 715 2789 777 2850; x_wconf 88' lang='lat' dir='ltr'>adit</span> <span class='ocrx_word' id='word_1_217' title='bbox 798 2789 902 2867; x_wconf 87' lang='lat' dir='ltr'>oppida</span> <span class='ocrx_word' id='word_1_218' title='bbox 922 2795 1036 2866; x_wconf 87' lang='lat' dir='ltr'>pastor,</span> 
     </span>
    </p>

    <p class='ocr_par' dir='ltr' id='par_1_24' title="bbox 188 2869 989 2946">
     <span class='ocr_line' id='line_1_34' title="bbox 188 2869 989 2946; baseline 0.001 -19"><span class='ocrx_word' id='word_1_219' title='bbox 188 2871 250 2928; x_wconf 88' lang='lat' dir='ltr'>Aut</span> <span class='ocrx_word' id='word_1_220' title='bbox 270 2887 359 2945; x_wconf 87' lang='lat' dir='ltr'>parco</span> <span class='ocrx_word' id='word_1_221' title='bbox 379 2870 440 2929; x_wconf 90' lang='lat' dir='ltr'>sale</span> <span class='ocrx_word' id='word_1_222' title='bbox 461 2869 645 2945; x_wconf 88' lang='lat' dir='ltr'>contingunt,</span> <span class='ocrx_word' id='word_1_223' title='bbox 668 2869 813 2946; x_wconf 90' lang='lat' dir='ltr'>hiemique</span> <span class='ocrx_word' id='word_1_224' title='bbox 833 2874 989 2945; x_wconf 79' lang='lat' dir='ltr'>reponunt.</span> 
     </span>
    </p>

    <p class='ocr_par' dir='ltr' id='par_1_25' title="bbox 151 2947 1094 3263">
     <span class='ocr_line' id='line_1_35' title="bbox 151 2947 957 3026; baseline -0.002 -16"><span class='ocrx_word' id='word_1_225' title='bbox 151 2947 213 3010; x_wconf 75' lang='lat' dir='ltr'>Nea</span> <span class='ocrx_word' id='word_1_226' title='bbox 234 2947 288 3006; x_wconf 92' lang='lat' dir='ltr'>tibi</span> <span class='ocrx_word' id='word_1_227' title='bbox 310 2965 379 3008; x_wconf 90' lang='lat' dir='ltr'>cura</span> <span class='ocrx_word' id='word_1_228' title='bbox 402 2966 504 3007; x_wconf 90' lang='lat' dir='ltr'>canum</span> <span class='ocrx_word' id='word_1_229' title='bbox 526 2947 617 3009; x_wconf 82' lang='lat' dir='ltr'>fuerit</span> <span class='ocrx_word' id='word_1_230' title='bbox 637 2955 807 3026; x_wconf 87' lang='lat' dir='ltr'>postrema:</span> <span class='ocrx_word' id='word_1_231' title='bbox 830 2951 880 3008; x_wconf 88' lang='lat' dir='ltr'>sed</span> <span class='ocrx_word' id='word_1_232' title='bbox 901 2965 957 3008; x_wconf 83' lang='lat' dir='ltr'>uta</span> 
     </span>
     <span class='ocr_line' id='line_1_36' title="bbox 190 3019 1094 3104; baseline 0.002 -19"><span class='ocrx_word' id='word_1_233' title='bbox 190 3025 310 3087; x_wconf 84' lang='lat' dir='ltr'>Velocis</span> <span class='ocrx_word' id='word_1_234' title='bbox 329 3027 455 3103; x_wconf 86' lang='lat' dir='ltr'>Spartae</span> <span class='ocrx_word' id='word_1_235' title='bbox 477 3027 590 3087; x_wconf 90' lang='lat' dir='ltr'>catulos</span> <span class='ocrx_word' id='word_1_236' title='bbox 611 3044 765 3104; x_wconf 89' lang='lat' dir='ltr'>acremque</span> <span class='ocrx_word' id='word_1_237' title='bbox 778 3027 940 3087; x_wconf 91' lang='lat' dir='ltr'>Molossum</span> <span class='ocrx_word' id='word_1_238' title='bbox 1059 3019 1094 3074; x_wconf 73' lang='lat'>⁴⁰¹</span> 
     </span>
     <span class='ocr_line' id='line_1_37' title="bbox 191 3104 962 3183; baseline 0.003 -19"><span class='ocrx_word' id='word_1_239' title='bbox 191 3105 284 3164; x_wconf 88' lang='lat' dir='ltr'>Pasce</span> <span class='ocrx_word' id='word_1_240' title='bbox 306 3122 372 3164; x_wconf 89' lang='lat' dir='ltr'>sero</span> <span class='ocrx_word' id='word_1_241' title='bbox 392 3104 503 3181; x_wconf 87' lang='lat' dir='ltr'>pingui.</span> <span class='ocrx_word' id='word_1_242' title='bbox 526 3107 693 3183; x_wconf 89' lang='lat' dir='ltr'>Numquam</span> <span class='ocrx_word' id='word_1_243' title='bbox 714 3106 881 3167; x_wconf 88' lang='lat' dir='ltr'>custodibus</span> <span class='ocrx_word' id='word_1_244' title='bbox 901 3106 962 3166; x_wconf 90' lang='lat' dir='ltr'>illis</span> 
     </span>
     <span class='ocr_line' id='line_1_38' title="bbox 190 3183 1013 3263; baseline 0.001 -20"><span class='ocrx_word' id='word_1_245' title='bbox 190 3183 376 3243; x_wconf 88' lang='lat' dir='ltr'>Nocturnum</span> <span class='ocrx_word' id='word_1_246' title='bbox 396 3184 520 3244; x_wconf 91' lang='lat' dir='ltr'>stabulis</span> <span class='ocrx_word' id='word_1_247' title='bbox 541 3184 636 3246; x_wconf 87' lang='lat' dir='ltr'>furem</span> <span class='ocrx_word' id='word_1_248' title='bbox 656 3185 845 3263; x_wconf 87' lang='lat' dir='ltr'>incursusque</span> <span class='ocrx_word' id='word_1_249' title='bbox 865 3185 1013 3263; x_wconf 90' lang='lat' dir='ltr'>luporum,</span> 
     </span>
    </p>

    <p class='ocr_par' dir='ltr' id='par_1_26' title="bbox 189 3260 1100 3497">
     <span class='ocr_line' id='line_1_39' title="bbox 189 3260 891 3338; baseline 0 -17"><span class='ocrx_word' id='word_1_250' title='bbox 189 3264 252 3321; x_wconf 82' lang='lat' dir='ltr'>Aut</span> <span class='ocrx_word' id='word_1_251' title='bbox 273 3260 433 3338; x_wconf 89' lang='lat' dir='ltr'>impacatos</span> <span class='ocrx_word' id='word_1_252' title='bbox 454 3283 470 3323; x_wconf 94' lang='lat' dir='ltr'>a</span> <span class='ocrx_word' id='word_1_253' title='bbox 492 3270 578 3338; x_wconf 90' lang='lat' dir='ltr'>tergo</span> <span class='ocrx_word' id='word_1_254' title='bbox 599 3264 735 3324; x_wconf 87' lang='lat' dir='ltr'>horrebis</span> <span class='ocrx_word' id='word_1_255' title='bbox 754 3264 891 3324; x_wconf 89' lang='lat' dir='ltr'>Hiberos.</span> 
     </span>
     <span class='ocr_line' id='line_1_40' title="bbox 190 3340 945 3418; baseline 0.003 -19"><span class='ocrx_word' id='word_1_256' title='bbox 190 3341 284 3416; x_wconf 87' lang='lat' dir='ltr'>Saepe</span> <span class='ocrx_word' id='word_1_257' title='bbox 304 3340 392 3400; x_wconf 90' lang='lat' dir='ltr'>etiam</span> <span class='ocrx_word' id='word_1_258' title='bbox 414 3359 501 3401; x_wconf 90' lang='lat' dir='ltr'>cursu</span> <span class='ocrx_word' id='word_1_259' title='bbox 523 3342 642 3402; x_wconf 90' lang='lat' dir='ltr'>timidos</span> <span class='ocrx_word' id='word_1_260' title='bbox 662 3343 789 3418; x_wconf 88' lang='lat' dir='ltr'>agitabis</span> <span class='ocrx_word' id='word_1_261' title='bbox 809 3359 945 3415; x_wconf 87' lang='lat' dir='ltr'>onagros,</span> 
     </span>
     <span class='ocr_line' id='line_1_41' title="bbox 190 3416 1100 3497; baseline 0.004 -20"><span class='ocrx_word' id='word_1_262' title='bbox 190 3419 232 3478; x_wconf 88' lang='lat' dir='ltr'>Et</span> <span class='ocrx_word' id='word_1_263' title='bbox 252 3419 369 3480; x_wconf 90' lang='lat' dir='ltr'>canibus</span> <span class='ocrx_word' id='word_1_264' title='bbox 389 3419 531 3497; x_wconf 86' lang='lat' dir='ltr'>leporem,</span> <span class='ocrx_word' id='word_1_265' title='bbox 554 3421 671 3480; x_wconf 88' lang='lat' dir='ltr'>canibus</span> <span class='ocrx_word' id='word_1_266' title='bbox 692 3424 835 3482; x_wconf 81' lang='lat' dir='ltr'>venabere</span> <span class='ocrx_word' id='word_1_267' title='bbox 856 3422 964 3480; x_wconf 75' lang='lat' dir='ltr'>damae.</span> <span class='ocrx_word' id='word_1_268' title='bbox 1056 3416 1100 3460; x_wconf 78' lang='lat'>⁴¹⁰</span> 
     </span>
    </p>
   </div>
   <div class='ocr_carea' id='block_1_3' title="bbox 0 0 1272 4178">
    <p class='ocr_par' dir='ltr' id='par_1_27' title="bbox 0 0 1272 4178">
     <span class='ocr_line' id='line_1_42' title="bbox 0 0 1272 4178; baseline 0 0"><span class='ocrx_word' id='word_1_269' title='bbox 0 0 1272 4178; x_wconf 95' lang='lat' dir='ltr'> </span> 
     </span>
    </p>
   </div>
  </div>
 </body>
</html>
