2514 4178
234 214 273 290 td
595 234 624 293 o.
645 237 768 293 vunnu
786 235 822 294 u.

272 327 414 414 Frigidus
434 334 465 398 in
484 335 581 414 pratis
600 340 743 399 cantando
763 338 914 416 rumpitur
934 324 1048 416 anguls.

273 417 378 478 Ducite
391 419 427 477 ah
440 418 513 478 urhe
526 418 656 489 domum,
672 435 737 477 mea
751 417 892 491 carmina,
908 419 1006 479 ducite
1020 404 1165 496 Daphnlil.

272 497 369 558 'Perna
392 496 445 557 tibi
464 498 536 557 haec
555 496 683 574 primurn
705 496 817 575 triplici
831 497 950 558 diversa
962 498 1062 560 colore
1176 528 1178 532 ⁴

272 575 353 636 Licia
373 575 535 646 circumdo,
555 583 660 653 terque
680 577 752 635 haec
770 576 879 637 altaria
897 575 1011 638 circum

272 654 410 731 Effigiem
429 657 523 716 duco:
545 672 666 715 numero
686 656 765 716 Deus
784 655 897 733 impare
918 659 1038 733 gaudet.
1154 659 1182 704 ²⁵

272 736 377 795 Ducite
390 736 427 794 ah
441 734 514 794 urbe
526 735 655 806 domum,
668 753 731 793 mea
745 737 885 806 carmina,
901 736 999 796 ducite
1013 739 1157 818 Daphnin.

272 817 366 876 Necte
386 815 483 875 trihus
503 813 586 873 nodis
605 821 717 885 ternos,
740 815 900 892 Amarylli,
923 816 1058 878 colores:

272 895 378 969 Necte,
391 892 541 964 Amarilli,
554 894 638 952 modo
651 913 658 951 :
671 899 714 962 et,
729 893 866 966 Veneris,
881 894 937 968 dic,
954 895 1070 958 vincula
1081 907 1178 960 necto.

272 972 378 1033 Ducite
388 975 425 1032 ab
435 974 507 1032 urhe
518 973 646 1044 domum,
659 989 722 1032 mea
732 973 873 1047 carmina,
886 973 983 1034 ducite
994 977 1137 1052 Daphnin.

272 1052 374 1113 Limus
395 1060 427 1113 ut
448 1051 495 1111 hic
517 1050 657 1124 durescit,
680 1058 711 1112 et
732 1053 803 1111 haec
825 1058 857 1112 ut
877 1069 945 1112 cera
965 1052 1100 1131 liquescit
1152 1056 1181 1099 ⁸⁰

273 1133 337 1192 Vno
358 1134 515 1207 eodemque
536 1129 609 1206 igni,
631 1129 674 1188 sic
694 1138 795 1190 nostro
816 1131 945 1208 Daphnis
965 1151 1077 1196 amore.

270 1214 385 1289 Sparge
405 1212 512 1270 molam
534 1218 564 1270 et
585 1209 706 1285 fragiles
727 1209 845 1269 incende
866 1211 1006 1271 bitumine
1027 1214 1146 1276 lauros:

270 1290 403 1368 Daphnis
417 1308 464 1350 me
478 1291 573 1349 malus
588 1289 661 1357 urit,
672 1305 727 1364 ego
742 1291 854 1348 huncio
870 1291 1020 1366 Daphnide
1033 1293 1163 1354 laurum.

270 1371 375 1431 Ducite
387 1371 424 1429 nh
439 1370 510 1431 urhe
524 1371 652 1440 domum,
666 1385 729 1426 mea
740 1369 884 1437 carmina,
899 1370 995 1430 ducite
1010 1373 1154 1450 Daphnin.

269 1450 352 1510 Talis
370 1467 455 1508 amor
474 1446 620 1526 Daphnin,
642 1448 746 1523 qualis,
769 1467 857 1524 quum
878 1448 952 1508 sessa
973 1448 1128 1513 iuvencum
1146 1451 1163 1496 ⁸

270 1530 331 1590 Per
345 1547 474 1589 memora
494 1535 583 1606 atque
602 1524 681 1586 altos
700 1529 864 1603 quaerendo
882 1528 986 1589 bucula
1007 1529 1089 1600 lucos

269 1609 399 1686 Propter
419 1626 510 1686 aquae
529 1605 629 1666 rivum
650 1604 738 1664 viridi
759 1607 924 1682 procumbit
944 1608 974 1667 in
995 1609 1076 1684 ulva,

268 1687 403 1761 Perdita,
425 1705 477 1747 nec
497 1702 582 1747 serae
601 1684 733 1744 meminit
755 1688 894 1745 decedere
915 1688 1014 1749 nocti:

268 1769 350 1827 Talis
370 1785 453 1827 amor
474 1771 586 1837 teneat,
607 1781 659 1823 nec
680 1764 720 1823 sit
742 1765 813 1823 mihi
834 1783 904 1826 cura
924 1767 1047 1828 mederi.

268 1846 373 1908 Ducite
382 1847 419 1904 ab
430 1847 501 1905 urhe
513 1847 642 1915 domum,
654 1861 717 1903 mea
727 1843 867 1916 carmina,
880 1846 978 1905 ducite
989 1848 1133 1927 Daphnin.
1148 1849 1177 1893 ⁰⁰

268 1926 328 1986 Has
348 1926 419 1986 olim
440 1925 563 1986 exuvias
583 1922 653 1981 mihi
678 1924 806 1999 pertidus
826 1924 878 1983 ille
899 1925 1033 2004 reliquit,

268 2004 396 2082 Pignora
417 2022 485 2064 cara
506 2003 562 2075 sui,
584 2019 657 2078 quae
679 2020 752 2061 nunc
772 2019 828 2079 ego
848 2002 947 2063 limine
968 2005 996 2065 in
1018 2005 1093 2082 ipso,

267 2085 373 2158 Terra,
395 2085 450 2144 tihi
470 2085 596 2143 mando:
618 2082 723 2142 dehent
745 2083 815 2141 haec
836 2082 955 2160 pignora
977 2086 1123 2162 Daphnin.

268 2165 372 2226 Ducite
386 2165 421 2223 ah
435 2165 507 2224 urhe
521 2165 651 2230 domum,
665 2180 729 2239 mea
741 2161 882 2235 carmina,
898 2163 994 2224 ducite
1016 2166 1159 2244 Daphnin.

267 2243 328 2304 Has
341 2244 448 2304 herhas
468 2251 557 2321 atque
577 2243 649 2300 haec
669 2241 767 2301 Ponto
787 2241 860 2301 mihi
881 2243 956 2302 lecta
982 2262 1093 2309 venena
1130 2248 1172 2292 ⁰⁵

267 2322 332 2401 lpse
351 2323 432 2384 dedit
453 2321 585 2383 Moeris:
608 2328 765 2380 nascuntur
787 2319 912 2398 plurima
936 2323 1040 2384 Ponto.

266 2402 320 2464 His
340 2421 394 2480 ego
415 2420 501 2479 saepe
520 2402 621 2479 lupum
642 2399 719 2472 ficri,
742 2407 772 2460 et
793 2418 824 2460 se
844 2403 969 2461 condere
988 2403 1073 2466 silvis

265 2482 391 2556 Moerin,
413 2499 498 2559 saepe
518 2483 629 2540 animas
648 2479 715 2538 imis
735 2479 834 2539 excire
855 2480 1010 2557 sepulcris,

264 2564 363 2641 Atque
384 2569 463 2622 satas
484 2561 542 2621 alio
563 2558 624 2618 vidi
645 2560 800 2618 traducere
821 2576 940 2619 messes.

264 2642 369 2703 Ducite
379 2643 415 2702 ah
426 2643 499 2701 urhe
508 2642 636 2711 domum,
644 2656 707 2697 moa
717 2638 857 2722 carmina,
866 2639 963 2700 ducite
976 2640 1119 2718 Daphnin.
1133 2642 1172 2687 ¹⁰⁰

264 2721 325 2782 Fer
344 2721 470 2790 cineres,
489 2718 651 2796 Amarylli,
673 2716 763 2797 ionas,
785 2718 907 2796 rivoque
928 2720 1031 2781 fluenti

259 2801 414 2878 'lhansque
427 2807 514 2877 caput
527 2798 600 2871 iace,
613 2813 664 2857 nec
678 2797 862 2874 respexeris:
878 2796 923 2858 his
937 2816 992 2875 ego
1005 2800 1138 2879 Daphnin

264 2880 449 2956 Adgrediar3
472 2879 545 2937 nihil
566 2877 619 2936 ille
640 2879 728 2946 Deos,
750 2876 790 2935 nil
810 2877 940 2937 carmina
960 2886 1055 2940 curat.

264 2960 364 3019 Ducite
377 2962 413 3018 ab
426 2959 498 3018 urhe
511 2960 638 3031 domum,
651 2974 714 3015 men
728 2957 867 3027 carmina,
884 2957 980 3017 ducite
992 2955 1137 3038 Daphnin.

263 3039 408 3115 Adspice:
431 3037 575 3114 conripuit
599 3035 734 3096 tremulis
754 3035 861 3095 altaria
885 3035 1010 3098 dammis
1131 3039 1169 3081 ¹⁰⁰

262 3118 372 3195 Sponte
386 3135 449 3190 sua,
464 3118 533 3177 dum
546 3115 625 3174 ferre
635 3133 747 3190 moror,
761 3114 834 3175 cinis
847 3114 920 3192 ipse.
937 3117 1049 3176 Bonum
1062 3118 1102 3179 sit
1118 3118 1126 3178 l

261 3195 368 3259 Nescio
389 3195 458 3274 quid
478 3203 561 3255 certe
581 3202 628 3255 est
644 3212 651 3253 ε
666 3203 696 3256 et
717 3193 819 3271 Hylax
838 3193 867 3253 iu
890 3194 990 3254 limine
1009 3195 1114 3257 latrat.

260 3273 434 3337 Credimusl
448 3292 497 3346 an,
513 3273 561 3351 qui
575 3282 685 3347 amant,
701 3274 757 3351 ipsi
771 3273 826 3333 sibi
847 3274 958 3334 somnia
973 3273 1113 3352 finguntl

261 3354 392 3432 Parcite,
404 3355 440 3417 ab
451 3355 524 3433 urhe
536 3352 630 3430 venit,
642 3353 701 3414 iam
713 3353 838 3433 parcite,
851 3351 992 3433 carmina,
1003 3354 1144 3437 Daphnis.
