2514 4178
397 294 551 351 arcemus,
572 295 637 338 nou.
657 294 691 337 r.
764 287 769 295 ·
982 277 1021 338 19

106 388 184 459 Ecce
196 387 267 448 duas
286 385 353 460 tibi,
374 384 502 464 Daphni,
521 387 592 446 duas
612 384 720 445 altaria
740 384 870 446 Phoebo.

108 468 216 528 Pocula
236 466 302 526 bina
322 482 398 526 novo
416 463 581 541 spumantia
601 463 679 524 lacte
699 470 769 540 quot
789 462 872 524 annis

106 547 302 623 craterasque
322 545 379 605 duo
399 549 527 603 statuam
547 542 603 602 tibi
622 542 739 620 pinguis
758 541 852 618 olivi3

105 625 147 686 Et
166 624 263 684 multo
281 622 312 685 in
331 621 435 700 primis
454 620 585 682 hilarans
603 621 737 681 convivia
758 622 884 694 Baccho,

107 707 186 764 Ante
205 701 313 776 focum,
334 701 360 763 si
380 700 476 776 frigus
494 699 566 771 erit,
588 699 613 761 si
633 699 748 774 messis
770 699 800 758 in
820 702 935 775 umbra,
988 722 1016 766 ro

104 783 180 842 Vina
200 799 309 842 norum
328 780 445 840 fundam
463 778 589 839 calathis
608 777 726 839 Ariusia
746 785 859 839 nectam.

104 861 270 922 Cantabunt
289 858 363 920 mihi
376 859 533 918 Damoetas
552 864 583 918 et
603 857 728 933 Lyctius
748 858 870 936 Aegon3

103 941 254 1002 Salientes
273 939 400 1015 Satyros
418 935 584 997 imitabitur
602 935 824 1015 Alphesiboeus.

103 1020 184 1079 Haeo
202 1016 257 1078 tibi
275 1033 392 1093 semper
411 1022 516 1086 erunt,
535 1022 567 1077 et
587 1033 676 1092 quum
695 1015 847 1077 sollemnia
867 1023 939 1078 rota

104 1098 272 1159 Reddemus
290 1095 451 1172 Nymphis,
470 1099 501 1154 et
522 1111 612 1171 quum
631 1095 823 1155 lustrabimus
843 1112 943 1171 agros.
987 1120 1015 1162 η

102 1177 179 1238 Dum
198 1175 267 1251 iuga
287 1174 395 1233 montis
415 1190 498 1250 aper,
519 1172 626 1233 fluvios
646 1174 715 1234 dum
735 1172 823 1251 piscis
843 1175 964 1247 amabit,

102 1255 235 1332 Dumque
255 1253 362 1329 thymo
380 1259 537 1328 pascentur
558 1268 639 1329 apes,
659 1253 728 1311 dum
746 1269 816 1312 rore
836 1253 964 1325 cicadae,

101 1335 226 1410 Semper
244 1333 336 1391 honos
355 1349 513 1408 nomenque
533 1336 618 1390 tuum
637 1329 794 1409 laudesque
807 1333 973 1392 manebunt.

102 1412 146 1472 Vt
165 1411 280 1471 Baccho
299 1409 469 1487 Cererique,
490 1408 546 1470 tibi
565 1409 607 1469 sic
627 1416 698 1471 vcta
717 1408 870 1486 quotannis

103 1489 259 1566 Agricolae
277 1487 405 1549 iaciant:
427 1489 575 1548 damnabis
595 1495 629 1548 tu
649 1505 761 1566 quoque
788 1486 879 1548 votis.
988 1512 1016 1558 ιο

67 1569 128 1627 Mc.
151 1569 229 1640 Quae
248 1566 314 1641 tibi,
337 1583 409 1646 quae
429 1568 483 1627 tali
504 1569 625 1627 reddam
645 1585 699 1644 pro
719 1566 848 1645 carmine
863 1567 961 1629 donal

101 1647 179 1708 Nam
198 1663 291 1724 neque
310 1663 356 1705 me
378 1651 494 1706 tantum
514 1644 659 1706 venientis
678 1644 781 1705 sibilus
801 1647 920 1720 Austri,

100 1726 163 1786 Nec
182 1742 319 1803 percussa
338 1724 440 1785 iurant
461 1726 553 1785 linctu
573 1732 631 1785 tam
650 1724 752 1797 litora,
774 1741 826 1782 nec
846 1743 919 1802 quae

100 1806 227 1865 Saxosas
246 1803 325 1863 inter
346 1806 507 1864 decurrunt
527 1803 647 1863 fiumina
668 1804 774 1864 valles.

65 1884 124 1942 die.
147 1884 210 1943 Hac
229 1888 261 1943 te
280 1899 333 1941 nos
352 1881 454 1958 fragili
474 1882 642 1943 donabimus
662 1889 730 1942 ante
750 1881 868 1958 cicuta;
986 1905 1015 1952 rs

100 1963 179 2023 Haec
198 1978 261 2034 nos,
284 1961 459 2021 Formosum
479 1962 616 2037 Corydon
635 1962 757 2022 ardebat
777 1961 907 2023 Alexin:

101 2041 179 2100 Haec
199 2042 301 2100 eadem
322 2039 432 2112 docuit,
453 2039 558 2099 Cuium
577 2057 687 2117 pecus,
709 2059 745 2100 an
766 2040 929 2102 Meliboeil

64 2119 125 2178 Mo.
147 2122 188 2180 At
209 2125 244 2178 tn
264 2135 347 2179 sume
365 2120 483 2195 pedum,
505 2120 593 2196 quod,
615 2136 662 2176 me
684 2137 772 2197 quum
793 2137 877 2198 saepe
892 2127 1013 2198 rogaret

99 2199 164 2258 Non
186 2197 257 2259 tulit
276 2197 450 2272 Antigenes,
471 2204 501 2256 et
522 2203 589 2258 erat
610 2204 673 2257 tum
694 2198 799 2274 dignus
818 2198 922 2274 amari,

98 2277 275 2337 Formosum
296 2277 415 2353 paribus
434 2275 516 2337 nodis
537 2283 624 2353 atquc
644 2294 723 2352 acre,
746 2276 891 2338 Menalca.
985 2299 1014 2347 qo

262 2460 435 2530 ECLOGA
458 2464 519 2530 Vl.
544 2495 588 2511 -
612 2462 808 2530 SILENVS.

426 2673 647 2716 ARGVMDNTVM.

139 2769 244 2846 Sileni,
269 2772 401 2830 Deorum
421 2771 633 2849 antiquissimi,
656 2789 778 2830 carmen
800 2775 934 2847 refertur

288 2861 327 2919 de
345 2860 463 2936 oriyine
483 2866 512 2920 et
529 2866 645 2928 ,cetura
666 2878 780 2919 rerum.

62 2991 161 3052 Przma
181 2990 339 3068 Syracosio
360 2989 480 3065 dignata
499 2998 546 3052 est
567 2991 670 3052 ludere
692 3010 780 3053 versu

96 3070 220 3140 Nostra,
242 3085 334 3145 neque
355 3069 473 3128 erubuit
494 3071 585 3130 silvas
606 3070 757 3144 habitare,
780 3068 893 3134 Thalia.

97 3151 192 3221 Quum
212 3163 344 3207 canerem
365 3164 452 3223 reges
473 3156 504 3208 et
524 3149 647 3225 proelia,
669 3149 816 3226 Cynthius
833 3167 935 3210 aurem

83 3226 207 3298 ·Vellit,
228 3233 260 3287 et
280 3227 451 3288 almouuit:
474 3227 642 3300 Pastorem,
664 3227 784 3304 Tityre,
807 3227 929 3304 pingues

100 3305 226 3365 Poscere
246 3312 364 3382 oportet
384 3321 467 3378 oves,
490 3306 647 3366 deductum
668 3305 765 3365 dicere
785 3324 914 3366 emman.
999 3328 1016 3374 a

100 3384 185 3442 Nunc
199 3401 255 3459 ego
276 3386 411 3462 (namque
424 3400 512 3460 super
526 3383 581 3443 tibi
601 3391 703 3455 erunt,
717 3384 767 3461 qui
781 3384 878 3445 dicere
898 3386 1012 3461 laudea,

101 3462 193 3541 Vane,
215 3470 282 3526 tuas
301 3463 430 3561 cupiant,
453 3470 483 3528 ei
505 3461 606 3528 tristia
626 3464 751 3526 condere
771 3462 861 3557 bella)
