2514 4178
216 353 253 404 att
570 362 599 407 r.
624 362 743 408 vrncrnn
764 364 798 409 nt.

253 449 363 511 'l'ristis
376 457 405 512 at
421 450 493 512 ille:
510 453 619 514 Tamen
633 454 801 528 cantabitis,
818 455 959 528 Arcades,
976 453 1084 534 inquit,

252 529 403 591 Montibus
422 534 494 592 haec
514 533 637 609 vestris,
659 533 713 596 soli
735 542 855 595 cantare
874 534 964 612 periti

252 611 394 670 Arcades.
411 610 523 672 Omihi
537 618 601 673 tum
615 633 701 691 qnam
723 615 858 674 molliter
878 631 943 676 ossa
958 612 1120 734 quiescant,

253 687 364 750 Vestra
384 708 465 751 meos
482 689 553 751 olim
573 691 599 752 si
620 693 719 753 fistula
742 692 819 754 dicat
839 711 975 754 amores.

253 769 351 846 Atque
371 769 483 829 utinam
503 788 540 832 ex
561 771 645 834 vobis
665 790 750 847 unus,
766 772 919 850 vestrique
932 771 1051 832 fuissem
1137 766 1167 814 ⁸⁵

252 849 313 908 Aut
334 856 433 909 custos
453 849 567 926 gregis,
588 858 639 911 aut
660 859 795 912 maturae
814 851 925 911 vinitor
946 849 1040 911 uvae!

252 927 343 988 Certe
361 926 425 986 sive
445 929 519 989 mihi
540 929 671 1007 Phyllis,
693 929 758 991 sive
778 937 857 992 essct
881 933 1040 1008 Amyntas,

252 1006 311 1066 Seu
324 1006 498 1085 quicumque
511 1007 596 1069 furor
610 1009 690 1088 (quid
705 1017 780 1084 tum,
795 1010 822 1071 si
831 1009 930 1070 fuscus
944 1006 1115 1088 Amyntasi

252 1085 294 1146 Et
313 1086 416 1162 nigrae
437 1086 535 1148 violae
554 1095 634 1159 sunt,
656 1095 688 1148 et
709 1088 839 1152 vaccinia
862 1086 961 1167 nigra)

251 1164 368 1224 Mecum
387 1165 467 1226 inter
486 1167 590 1228 salices
609 1167 690 1228 lenta
710 1170 765 1228 snb
785 1168 848 1229 vite
868 1168 998 1230 taceret:
1135 1164 1165 1211 ⁴⁰

251 1247 339 1306 Serta
359 1244 432 1305 mihi
453 1245 572 1322 Phyllis
593 1246 720 1323 legeret,
742 1255 875 1309 cantaret
897 1248 1056 1324 Amyntas,

252 1324 307 1384 llic
327 1323 418 1403 gelidi
438 1324 544 1399 fontes,
567 1325 616 1385 hic
636 1325 736 1388 mollia
756 1335 854 1404 prata,
876 1325 998 1403 Lycori,

252 1404 306 1464 llio
327 1422 450 1481 nemus3
472 1403 519 1464 hic
539 1402 603 1481 ipso
623 1413 719 1467 tecum
739 1423 928 1467 consumerer
947 1422 1032 1465 aevo.

252 1483 336 1544 Nunc
356 1484 473 1545 insanus
492 1501 575 1544 amor
596 1485 661 1546 duri
682 1503 729 1545 me
750 1484 858 1546 Martis
877 1485 907 1544 in
928 1485 1021 1546 armis

250 1563 324 1625 Tela
344 1562 532 1625 intermedia
550 1570 638 1642 atque
657 1566 799 1626 adversos
819 1564 929 1626 detinet
955 1564 1078 1626 hostes:
1133 1561 1163 1608 ⁴⁵

250 1642 296 1704 Tu
311 1644 413 1738 procul
427 1661 443 1702 a
458 1646 555 1720 patria
569 1643 635 1724 (nec
647 1642 686 1705 sit
701 1644 773 1704 mihi
787 1646 909 1704 credero
923 1649 1039 1704 tantum
1054 1641 1080 1724 l)

251 1723 384 1800 Alpinas,
405 1723 443 1782 ah
465 1720 559 1783 dura!
581 1724 664 1783 nives
684 1730 716 1784 et
736 1723 849 1800 frigora
870 1723 965 1785 Rheni

250 1802 300 1863 Me
320 1802 382 1863 sine
402 1803 464 1862 sola
486 1801 579 1863 vides.
601 1804 648 1862 Ah
671 1809 702 1862 te
722 1820 758 1862 ne
778 1803 891 1879 frigora
912 1799 1051 1863 laedant!

250 1883 297 1941 Ah
318 1881 373 1944 tibi
393 1899 429 1940 ne
448 1888 566 1942 teneras
586 1880 696 1960 glacies
717 1890 794 1944 secet
816 1900 920 1960 aspera
941 1878 1076 1957 plantas!

249 1961 313 2030 ibo,
333 1968 376 2034 et,
398 1959 563 2022 Chalcidico
583 1978 657 2038 quae
677 1968 745 2021 sunt
766 1959 838 2020 mihi
858 1962 974 2021 condita
989 1977 1076 2021 vorsu
1132 1957 1162 2003 ⁶⁰

250 2040 397 2116 Carmina,
418 2039 546 2118 pastoris
566 2040 658 2101 Siculi
678 2042 849 2101 modulabor
869 2057 972 2102 avena.

249 2122 371 2181 Certum
392 2127 439 2180 est
458 2118 489 2179 in
508 2119 606 2193 silvis,
627 2118 705 2180 inter
726 2121 842 2198 spelaea
865 2120 997 2180 ferarum

249 2201 340 2260 Malle
361 2197 435 2277 pati,
456 2199 622 2276 tenerisque
642 2216 722 2261 meos
740 2199 869 2260 incidere
887 2215 998 2259 amores

249 2279 432 2340 Arboribus:
454 2287 587 2340 crescent
608 2277 699 2353 illae,
720 2278 872 2351 crescatis,
895 2295 1020 2338 amores.

248 2359 366 2418 interea
386 2357 487 2418 mixtis
508 2359 641 2418 lustrabo
661 2359 794 2420 Maenala
814 2357 974 2436 Nymphis,
1130 2353 1159 2402 ὅ
1245 2426 1247 2432 Ι

247 2437 308 2500 Aut
329 2455 413 2500 acres
431 2439 559 2499 venabor
580 2456 688 2516 apros:
710 2457 766 2500 non
787 2455 834 2497 me
853 2437 915 2496 nlla
937 2438 1078 2498 vetabunt

248 2519 375 2593 Frigora
398 2517 574 2578 Parthenios
594 2517 711 2579 canibus
731 2516 915 2578 circumdare
935 2515 1040 2575 saltus.

247 2597 310 2661 lam
329 2596 402 2658 mihi
422 2615 475 2676 per
495 2615 583 2675 rupes
604 2598 706 2658 videor
726 2598 863 2674 lucosque
883 2602 1018 2668 sonantes

248 2678 317 2739 lrea
339 2678 413 2738 libet
436 2679 549 2736 Partho
570 2684 709 2756 torquere
729 2675 861 2754 Cydonia
882 2693 971 2734 cornu
1213 2743 1215 2745 ¹

246 2758 376 2840 Spicula,
391 2766 540 2836 tamquam
552 2758 625 2817 haec
636 2755 695 2818 sint
709 2755 804 2817 nostri
817 2754 958 2814 medicina
972 2752 1093 2825 furoris,
1129 2755 1156 2799 ⁰⁰

247 2844 308 2900 Aut
329 2841 407 2898 Deus
426 2838 479 2897 ille
499 2837 585 2896 malis
605 2835 754 2896 hominnm
775 2834 930 2895 mitescere
952 2833 1057 2894 discat.

247 2919 309 2980 Iam
328 2934 420 2994 neque
440 2917 660 2993 Hamadryades
680 2932 810 2987 rursum,
825 2932 878 2973 nec
891 2912 1020 2973 carmina
1031 2913 1114 2975 nobis

246 3000 312 3074 Ipsa
333 2996 470 3073 placent;
492 2996 571 3072 ipsae
592 3011 711 3054 rursum
731 2994 880 3054 concedite
901 2993 1004 3053 silvae.

245 3078 313 3142 Non
331 3076 416 3137 illum
436 3073 532 3136 nostri
549 3081 669 3152 possunt
690 3080 806 3135 mutare
824 3074 953 3146 labores,

245 3157 309 3220 Nec
327 3154 354 3218 si
372 3154 533 3232 frigoribus
552 3152 656 3214 mediis
676 3154 864 3232 Hebrumque
881 3152 1023 3226 bibamus,
1127 3151 1155 3196 ⁶⁵

246 3235 450 3312 Sithoniasque
470 3233 554 3294 nives
574 3233 680 3292 hiemis
699 3235 852 3294 subeamus
872 3249 1008 3311 aquosae,

246 3317 309 3376 Nec
328 3315 365 3387 si,
386 3331 475 3390 quum
496 3311 624 3372 moriens
644 3313 705 3372 alta
725 3311 801 3372 liber
821 3319 886 3372 aret
906 3313 936 3371 in
959 3313 1049 3386 ulmo,

202 3406 205 3411 ’
244 3393 422 3472 Aethiopum
436 3409 589 3452 versemus
601 3409 672 3453 oves
692 3393 745 3453 sub
765 3392 862 3452 sidere
881 3391 996 3453 Cancri.

249 3474 354 3535 Οηιηία
372 3473 463 3532 vincit
477 3469 591 3545 aaran,
614 3479 643 3531 et
661 3489 716 3531 noa
735 3472 876 3531 cedamus
895 3470 1014 3531 Amota’.

209 3558 284 3632 tlaec
304 3560 350 3624 sat
371 3551 441 3638 erit,
463 3551 568 3639 Divae,
589 3558 723 3629 vestrum
744 3549 881 3616 cecinisse
901 3557 1028 3646 pottam3
1122 3548 1153 3599 ta
