<?xml version="1.0" encoding="UTF-8"?>
<!DOCTYPE html PUBLIC "-//W3C//DTD XHTML 1.0 Transitional//EN"
    "http://www.w3.org/TR/xhtml1/DTD/xhtml1-transitional.dtd">
<html xmlns="http://www.w3.org/1999/xhtml" xml:lang="en" lang="en">
 <head>
  <title>
</title>
<meta http-equiv="Content-Type" content="text/html;charset=utf-8" />
  <meta name='ocr-system' content='tesseract 3.04.00' />
  <meta name='ocr-capabilities' content='ocr_page ocr_carea ocr_par ocr_line ocrx_word'/>
</head>
<body>
  <div class='ocr_page' id='page_1' title='image "./bvcolicaetgeorg00virggoog_0087.png"; bbox 0 0 2514 4178; ppageno 0'>
   <div class='ocr_carea' id='block_1_1' title="bbox 150 254 730 320">
    <p class='ocr_par' dir='ltr' id='par_1_1' title="bbox 150 254 730 320">
     <span class='ocr_line' id='line_1_1' title="bbox 150 254 730 320; baseline -0.019 8"><span class='ocrx_word' id='word_1_1' title='bbox 150 254 190 320; x_wconf 75' lang='lat'>82</span> <span class='ocrx_word' id='word_1_2' title='bbox 504 272 533 318; x_wconf 85' lang='lat' dir='ltr'>r.</span> <span class='ocrx_word' id='word_1_3' title='bbox 554 273 676 317; x_wconf 81' lang='grc'><strong>11111111</strong></span> <span class='ocrx_word' id='word_1_4' title='bbox 695 272 730 317; x_wconf 83' lang='lat' dir='ltr'>u.</span> 
     </span>
    </p>
   </div>
   <div class='ocr_carea' id='block_1_2' title="bbox 153 359 1101 3432">
    <p class='ocr_par' dir='ltr' id='par_1_2' title="bbox 188 359 977 533">
     <span class='ocr_line' id='line_1_2' title="bbox 190 359 974 441; baseline 0.003 -19"><span class='ocrx_word' id='word_1_5' title='bbox 190 361 285 423; x_wconf 88' lang='lat' dir='ltr'>Multa</span> <span class='ocrx_word' id='word_1_6' title='bbox 305 359 463 425; x_wconf 78' lang='lat' dir='ltr'>reluctanti</span> <span class='ocrx_word' id='word_1_7' title='bbox 484 360 628 435; x_wconf 89' lang='lat' dir='ltr'>obsuitur,</span> <span class='ocrx_word' id='word_1_8' title='bbox 649 359 801 439; x_wconf 83' lang='lat' dir='ltr'><strong>plagisque</strong></span> <span class='ocrx_word' id='word_1_9' title='bbox 820 366 974 441; x_wconf 89' lang='lat' dir='ltr'>perempto</span> 
     </span>
     <span class='ocr_line' id='line_1_3' title="bbox 188 440 977 533; baseline 0.004 -33"><span class='ocrx_word' id='word_1_10' title='bbox 188 441 285 502; x_wconf 91' lang='lat' dir='ltr'>Tunsa</span> <span class='ocrx_word' id='word_1_11' title='bbox 304 459 357 533; x_wconf 89' lang='lat' dir='ltr'>per</span> <span class='ocrx_word' id='word_1_12' title='bbox 376 441 525 518; x_wconf 79' lang='lat' dir='ltr'>integram</span> <span class='ocrx_word' id='word_1_13' title='bbox 544 440 700 502; x_wconf 90' lang='lat' dir='ltr'>solvuntur</span> <span class='ocrx_word' id='word_1_14' title='bbox 722 440 836 500; x_wconf 88' lang='lat' dir='ltr'>viscera</span> <span class='ocrx_word' id='word_1_15' title='bbox 856 440 977 517; x_wconf 90' lang='lat' dir='ltr'>pellem.</span> 
     </span>
    </p>

    <p class='ocr_par' dir='ltr' id='par_1_3' title="bbox 188 513 1094 990">
     <span class='ocr_line' id='line_1_4' title="bbox 188 513 1006 596; baseline 0.006 -17"><span class='ocrx_word' id='word_1_16' title='bbox 188 513 238 579; x_wconf 88' lang='lat' dir='ltr'>Sic</span> <span class='ocrx_word' id='word_1_17' title='bbox 257 527 385 595; x_wconf 79' lang='lat' dir='ltr'>positum</span> <span class='ocrx_word' id='word_1_18' title='bbox 404 517 434 579; x_wconf 93' lang='lat' dir='ltr'>in</span> <span class='ocrx_word' id='word_1_19' title='bbox 456 519 555 580; x_wconf 87' lang='lat' dir='ltr'>clauso</span> <span class='ocrx_word' id='word_1_20' title='bbox 574 519 721 596; x_wconf 90' lang='lat' dir='ltr'>linquunt,</span> <span class='ocrx_word' id='word_1_21' title='bbox 744 525 775 578; x_wconf 91' lang='lat' dir='ltr'>et</span> <span class='ocrx_word' id='word_1_22' title='bbox 794 536 894 580; x_wconf 89' lang='lat' dir='ltr'>ramea</span> <span class='ocrx_word' id='word_1_23' title='bbox 914 518 1006 584; x_wconf 87' lang='lat' dir='ltr'>costis</span> 
     </span>
     <span class='ocr_line' id='line_1_5' title="bbox 188 595 1050 675; baseline 0.001 -18"><span class='ocrx_word' id='word_1_24' title='bbox 188 595 350 659; x_wconf 72' lang='lat' dir='ltr'>subiiciunt</span> <span class='ocrx_word' id='word_1_25' title='bbox 370 598 547 674; x_wconf 81' lang='lat' dir='ltr'>fragmenta,</span> <span class='ocrx_word' id='word_1_26' title='bbox 569 598 718 673; x_wconf 90' lang='lat' dir='ltr'>thymum,</span> <span class='ocrx_word' id='word_1_27' title='bbox 740 595 886 675; x_wconf 87' lang='lat' dir='ltr'>casiasque</span> <span class='ocrx_word' id='word_1_28' title='bbox 906 607 1050 661; x_wconf 76' lang='lat' dir='ltr'><strong>recentes.</strong></span> 
     </span>
     <span class='ocr_line' id='line_1_6' title="bbox 190 671 1094 754; baseline 0.003 -18"><span class='ocrx_word' id='word_1_29' title='bbox 190 671 251 736; x_wconf 88' lang='lat' dir='ltr'>Hoc</span> <span class='ocrx_word' id='word_1_30' title='bbox 271 675 398 754; x_wconf 77' lang='lat' dir='ltr'>geritur,</span> <span class='ocrx_word' id='word_1_31' title='bbox 422 674 560 754; x_wconf 86' lang='lat' dir='ltr'>zephyris</span> <span class='ocrx_word' id='word_1_32' title='bbox 573 676 701 754; x_wconf 90' lang='lat' dir='ltr'>primum</span> <span class='ocrx_word' id='word_1_33' title='bbox 714 675 930 753; x_wconf 84' lang='lat' dir='ltr'>impellentibus</span> <span class='ocrx_word' id='word_1_34' title='bbox 945 679 1046 754; x_wconf 87' lang='lat' dir='ltr'>undas,</span> <span class='ocrx_word' id='word_1_35' title='bbox 1056 677 1094 722; x_wconf 69' lang='lat'>⁸⁰⁶</span> 
     </span>
     <span class='ocr_line' id='line_1_7' title="bbox 189 748 993 834; baseline 0.001 -19"><span class='ocrx_word' id='word_1_36' title='bbox 189 754 266 817; x_wconf 91' lang='lat' dir='ltr'>Ante</span> <span class='ocrx_word' id='word_1_37' title='bbox 285 748 369 818; x_wconf 86' lang='lat' dir='ltr'>novis</span> <span class='ocrx_word' id='word_1_38' title='bbox 388 751 510 816; x_wconf 79' lang='lat' dir='ltr'>rubeant</span> <span class='ocrx_word' id='word_1_39' title='bbox 531 769 615 834; x_wconf 87' lang='lat' dir='ltr'>quam</span> <span class='ocrx_word' id='word_1_40' title='bbox 637 763 724 832; x_wconf 90' lang='lat' dir='ltr'>prata</span> <span class='ocrx_word' id='word_1_41' title='bbox 742 754 901 828; x_wconf 86' lang='lat' dir='ltr'>coloribus,</span> <span class='ocrx_word' id='word_1_42' title='bbox 923 763 993 816; x_wconf 88' lang='lat' dir='ltr'>ante</span> 
     </span>
     <span class='ocr_line' id='line_1_8' title="bbox 189 830 987 911; baseline 0.001 -17"><span class='ocrx_word' id='word_1_43' title='bbox 189 831 316 895; x_wconf 86' lang='lat' dir='ltr'>Garrula</span> <span class='ocrx_word' id='word_1_44' title='bbox 335 849 422 911; x_wconf 90' lang='lat' dir='ltr'>quam</span> <span class='ocrx_word' id='word_1_45' title='bbox 441 830 533 911; x_wconf 82' lang='lat' dir='ltr'>tignis</span> <span class='ocrx_word' id='word_1_46' title='bbox 553 833 652 894; x_wconf 90' lang='lat' dir='ltr'>nidum</span> <span class='ocrx_word' id='word_1_47' title='bbox 672 835 828 910; x_wconf 87' lang='lat' dir='ltr'>suspendat</span> <span class='ocrx_word' id='word_1_48' title='bbox 849 833 987 895; x_wconf 86' lang='lat' dir='ltr'>hirundo.</span> 
     </span>
     <span class='ocr_line' id='line_1_9' title="bbox 188 907 926 990; baseline 0.001 -18"><span class='ocrx_word' id='word_1_49' title='bbox 188 907 305 973; x_wconf 87' lang='lat' dir='ltr'>interea</span> <span class='ocrx_word' id='word_1_50' title='bbox 325 911 435 975; x_wconf 90' lang='lat' dir='ltr'>teneris</span> <span class='ocrx_word' id='word_1_51' title='bbox 455 913 616 990; x_wconf 79' lang='lat' dir='ltr'>tepefactus</span> <span class='ocrx_word' id='word_1_52' title='bbox 636 910 667 973; x_wconf 93' lang='lat' dir='ltr'>in</span> <span class='ocrx_word' id='word_1_53' title='bbox 686 912 799 974; x_wconf 90' lang='lat' dir='ltr'>essibus</span> <span class='ocrx_word' id='word_1_54' title='bbox 819 913 926 973; x_wconf 91' lang='lat' dir='ltr'>humor</span> 
     </span>
    </p>

    <p class='ocr_par' dir='ltr' id='par_1_4' title="bbox 190 988 903 1066">
     <span class='ocr_line' id='line_1_10' title="bbox 190 988 903 1066; baseline 0.001 -15"><span class='ocrx_word' id='word_1_55' title='bbox 190 991 326 1066; x_wconf 81' lang='lat' dir='ltr'>Aestuat,</span> <span class='ocrx_word' id='word_1_56' title='bbox 348 998 379 1054; x_wconf 87' lang='lat' dir='ltr'>et</span> <span class='ocrx_word' id='word_1_57' title='bbox 399 994 518 1054; x_wconf 84' lang='lat' dir='ltr'>visenda</span> <span class='ocrx_word' id='word_1_58' title='bbox 538 988 631 1052; x_wconf 87' lang='lat' dir='ltr'>modis</span> <span class='ocrx_word' id='word_1_59' title='bbox 651 989 787 1052; x_wconf 89' lang='lat' dir='ltr'>animalia</span> <span class='ocrx_word' id='word_1_60' title='bbox 807 991 903 1066; x_wconf 85' lang='lat' dir='ltr'>miris,</span> 
     </span>
    </p>

    <p class='ocr_par' dir='ltr' id='par_1_5' title="bbox 189 1065 1092 1303">
     <span class='ocr_line' id='line_1_11' title="bbox 190 1065 1092 1150; baseline 0.003 -20"><span class='ocrx_word' id='word_1_61' title='bbox 190 1065 305 1131; x_wconf 82' lang='lat' dir='ltr'>Trunca</span> <span class='ocrx_word' id='word_1_62' title='bbox 325 1070 429 1149; x_wconf 88' lang='lat' dir='ltr'>pedum</span> <span class='ocrx_word' id='word_1_63' title='bbox 449 1070 556 1150; x_wconf 91' lang='lat' dir='ltr'>primo,</span> <span class='ocrx_word' id='word_1_64' title='bbox 578 1090 647 1130; x_wconf 82' lang='lat' dir='ltr'>mox</span> <span class='ocrx_word' id='word_1_65' title='bbox 666 1079 697 1131; x_wconf 92' lang='lat' dir='ltr'>et</span> <span class='ocrx_word' id='word_1_66' title='bbox 718 1071 875 1132; x_wconf 86' lang='lat' dir='ltr'>stridentia</span> <span class='ocrx_word' id='word_1_67' title='bbox 894 1071 996 1147; x_wconf 90' lang='lat' dir='ltr'>pennis</span> <span class='ocrx_word' id='word_1_68' title='bbox 1056 1069 1092 1118; x_wconf 80' lang='lat'>³¹¹</span> 
     </span>
     <span class='ocr_line' id='line_1_12' title="bbox 190 1144 1043 1229; baseline 0.006 -21"><span class='ocrx_word' id='word_1_69' title='bbox 190 1144 363 1224; x_wconf 79' lang='lat' dir='ltr'>Miscentur,</span> <span class='ocrx_word' id='word_1_70' title='bbox 387 1158 559 1226; x_wconf 86' lang='lat' dir='ltr'>tenuemque</span> <span class='ocrx_word' id='word_1_71' title='bbox 579 1150 673 1226; x_wconf 80' lang='lat' dir='ltr'>magis</span> <span class='ocrx_word' id='word_1_72' title='bbox 694 1149 789 1225; x_wconf 82' lang='lat' dir='ltr'>magis</span> <span class='ocrx_word' id='word_1_73' title='bbox 808 1158 878 1211; x_wconf 79' lang='lat' dir='ltr'>aera</span> <span class='ocrx_word' id='word_1_74' title='bbox 898 1158 1043 1229; x_wconf 81' lang='lat' dir='ltr'>carpunt:</span> 
     </span>
     <span class='ocr_line' id='line_1_13' title="bbox 189 1223 889 1303; baseline 0.001 -16"><span class='ocrx_word' id='word_1_75' title='bbox 189 1229 296 1303; x_wconf 88' lang='lat' dir='ltr'>Donec,</span> <span class='ocrx_word' id='word_1_76' title='bbox 319 1231 352 1290; x_wconf 87' lang='grc'>11</span> <span class='ocrx_word' id='word_1_77' title='bbox 372 1223 493 1290; x_wconf 87' lang='lat' dir='ltr'>aestivis</span> <span class='ocrx_word' id='word_1_78' title='bbox 514 1229 620 1288; x_wconf 81' lang='lat' dir='ltr'>effusus</span> <span class='ocrx_word' id='word_1_79' title='bbox 641 1226 762 1288; x_wconf 89' lang='lat' dir='ltr'>nubibus</span> <span class='ocrx_word' id='word_1_80' title='bbox 782 1225 889 1298; x_wconf 89' lang='lat' dir='ltr'>imber,</span> 
     </span>
    </p>

    <p class='ocr_par' dir='ltr' id='par_1_6' title="bbox 189 1306 923 1385">
     <span class='ocr_line' id='line_1_14' title="bbox 189 1306 923 1385; baseline 0.001 -19"><span class='ocrx_word' id='word_1_81' title='bbox 189 1306 343 1385; x_wconf 85' lang='lat' dir='ltr'>Erupere:</span> <span class='ocrx_word' id='word_1_82' title='bbox 365 1316 416 1369; x_wconf 88' lang='lat' dir='ltr'>aut</span> <span class='ocrx_word' id='word_1_83' title='bbox 436 1316 482 1382; x_wconf 91' lang='lat' dir='ltr'>ut,</span> <span class='ocrx_word' id='word_1_84' title='bbox 503 1325 594 1368; x_wconf 91' lang='lat' dir='ltr'>nervo</span> <span class='ocrx_word' id='word_1_85' title='bbox 615 1310 762 1384; x_wconf 83' lang='lat' dir='ltr'>pulsante,</span> <span class='ocrx_word' id='word_1_86' title='bbox 783 1308 923 1383; x_wconf 84' lang='lat' dir='ltr'>sagittae,</span> 
     </span>
    </p>

    <p class='ocr_par' dir='ltr' id='par_1_7' title="bbox 190 1381 965 1464">
     <span class='ocr_line' id='line_1_15' title="bbox 190 1381 965 1464; baseline -0.001 -19"><span class='ocrx_word' id='word_1_87' title='bbox 190 1381 292 1446; x_wconf 90' lang='lat' dir='ltr'>Prima</span> <span class='ocrx_word' id='word_1_88' title='bbox 311 1388 393 1448; x_wconf 86' lang='lat' dir='ltr'>leves</span> <span class='ocrx_word' id='word_1_89' title='bbox 414 1386 513 1446; x_wconf 88' lang='lat' dir='ltr'>ineunt</span> <span class='ocrx_word' id='word_1_90' title='bbox 534 1386 560 1448; x_wconf 91' lang='lat' dir='ltr'>si</span> <span class='ocrx_word' id='word_1_91' title='bbox 581 1389 692 1464; x_wconf 91' lang='lat' dir='ltr'>quaudo</span> <span class='ocrx_word' id='word_1_92' title='bbox 714 1387 825 1464; x_wconf 91' lang='lat' dir='ltr'>proelia</span> <span class='ocrx_word' id='word_1_93' title='bbox 846 1385 965 1448; x_wconf 87' lang='lat' dir='ltr'>Parthi.</span> 
     </span>
    </p>

    <p class='ocr_par' dir='ltr' id='par_1_8' title="bbox 153 1459 1096 1700">
     <span class='ocr_line' id='line_1_16' title="bbox 153 1459 1096 1543; baseline 0 -19"><span class='ocrx_word' id='word_1_94' title='bbox 153 1465 221 1537; x_wconf 83' lang='lat' dir='ltr'>Quis</span> <span class='ocrx_word' id='word_1_95' title='bbox 241 1466 318 1525; x_wconf 89' lang='lat' dir='ltr'>Deus</span> <span class='ocrx_word' id='word_1_96' title='bbox 339 1468 422 1537; x_wconf 89' lang='lat' dir='ltr'>hanc,</span> <span class='ocrx_word' id='word_1_97' title='bbox 445 1467 557 1539; x_wconf 89' lang='lat' dir='ltr'>Musae,</span> <span class='ocrx_word' id='word_1_98' title='bbox 581 1464 629 1543; x_wconf 91' lang='lat' dir='ltr'>qui</span> <span class='ocrx_word' id='word_1_99' title='bbox 650 1465 732 1525; x_wconf 92' lang='lat' dir='ltr'>nobis</span> <span class='ocrx_word' id='word_1_100' title='bbox 752 1465 868 1526; x_wconf 84' lang='lat' dir='ltr'>extudit</span> <span class='ocrx_word' id='word_1_101' title='bbox 890 1465 1012 1526; x_wconf 73' lang='lat' dir='ltr'>artemi</span> <span class='ocrx_word' id='word_1_102' title='bbox 1057 1459 1096 1509; x_wconf 81' lang='lat'>³¹⁵</span> 
     </span>
     <span class='ocr_line' id='line_1_17' title="bbox 189 1541 1033 1623; baseline 0.004 -21"><span class='ocrx_word' id='word_1_103' title='bbox 189 1545 274 1605; x_wconf 90' lang='lat' dir='ltr'>Vnde</span> <span class='ocrx_word' id='word_1_104' title='bbox 294 1561 368 1604; x_wconf 88' lang='lat' dir='ltr'>noua</span> <span class='ocrx_word' id='word_1_105' title='bbox 390 1541 540 1620; x_wconf 81' lang='lat' dir='ltr'>ingressus</span> <span class='ocrx_word' id='word_1_106' title='bbox 560 1543 708 1602; x_wconf 89' lang='lat' dir='ltr'>hominum</span> <span class='ocrx_word' id='word_1_107' title='bbox 729 1544 911 1620; x_wconf 79' lang='lat' dir='ltr'>experientia</span> <span class='ocrx_word' id='word_1_108' title='bbox 929 1543 1033 1623; x_wconf 82' lang='lat' dir='ltr'>cepitt</span> 
     </span>
     <span class='ocr_line' id='line_1_18' title="bbox 189 1620 879 1700; baseline -0.001 -18"><span class='ocrx_word' id='word_1_109' title='bbox 189 1623 299 1683; x_wconf 89' lang='lat' dir='ltr'>Pastor</span> <span class='ocrx_word' id='word_1_110' title='bbox 318 1624 473 1683; x_wconf 82' lang='lat' dir='ltr'>Aristaeus</span> <span class='ocrx_word' id='word_1_111' title='bbox 493 1620 608 1699; x_wconf 85' lang='lat' dir='ltr'>fugiens</span> <span class='ocrx_word' id='word_1_112' title='bbox 630 1623 737 1683; x_wconf 86' lang='lat' dir='ltr'>Peneia</span> <span class='ocrx_word' id='word_1_113' title='bbox 757 1626 879 1700; x_wconf 87' lang='lat' dir='ltr'>Tempe,</span> 
     </span>
    </p>

    <p class='ocr_par' dir='ltr' id='par_1_9' title="bbox 189 1700 955 1782">
     <span class='ocr_line' id='line_1_19' title="bbox 189 1700 955 1782; baseline -0.001 -21"><span class='ocrx_word' id='word_1_114' title='bbox 189 1700 312 1762; x_wconf 89' lang='lat' dir='ltr'>Amissis</span> <span class='ocrx_word' id='word_1_115' title='bbox 333 1701 380 1781; x_wconf 90' lang='lat' dir='ltr'>(ut</span> <span class='ocrx_word' id='word_1_116' title='bbox 400 1702 491 1782; x_wconf 86' lang='lat' dir='ltr'>fama)</span> <span class='ocrx_word' id='word_1_117' title='bbox 512 1703 613 1779; x_wconf 90' lang='lat' dir='ltr'>apibus</span> <span class='ocrx_word' id='word_1_118' title='bbox 634 1704 790 1779; x_wconf 85' lang='lat' dir='ltr'>morboque</span> <span class='ocrx_word' id='word_1_119' title='bbox 811 1703 955 1780; x_wconf 86' lang='lat' dir='ltr'>fameque,</span> 
     </span>
    </p>

    <p class='ocr_par' dir='ltr' id='par_1_10' title="bbox 188 1780 1098 2015">
     <span class='ocr_line' id='line_1_20' title="bbox 188 1780 1007 1856; baseline 0.001 -16"><span class='ocrx_word' id='word_1_120' title='bbox 188 1781 298 1841; x_wconf 90' lang='lat' dir='ltr'>Tristis</span> <span class='ocrx_word' id='word_1_121' title='bbox 318 1783 356 1842; x_wconf 91' lang='lat' dir='ltr'>ad</span> <span class='ocrx_word' id='word_1_122' title='bbox 374 1781 502 1841; x_wconf 87' lang='lat' dir='ltr'>extremi</span> <span class='ocrx_word' id='word_1_123' title='bbox 522 1798 637 1841; x_wconf 89' lang='lat' dir='ltr'>sacrum</span> <span class='ocrx_word' id='word_1_124' title='bbox 658 1788 744 1856; x_wconf 91' lang='lat' dir='ltr'>caput</span> <span class='ocrx_word' id='word_1_125' title='bbox 765 1780 883 1842; x_wconf 87' lang='lat' dir='ltr'>adstitit</span> <span class='ocrx_word' id='word_1_126' title='bbox 902 1780 1007 1854; x_wconf 90' lang='lat' dir='ltr'>amnis,</span> 
     </span>
     <span class='ocr_line' id='line_1_21' title="bbox 188 1857 1098 1937; baseline 0.001 -18"><span class='ocrx_word' id='word_1_127' title='bbox 188 1860 285 1919; x_wconf 91' lang='lat' dir='ltr'>Multa</span> <span class='ocrx_word' id='word_1_128' title='bbox 305 1878 440 1937; x_wconf 91' lang='lat' dir='ltr'>querens,</span> <span class='ocrx_word' id='word_1_129' title='bbox 463 1868 550 1937; x_wconf 88' lang='lat' dir='ltr'>atque</span> <span class='ocrx_word' id='word_1_130' title='bbox 572 1861 626 1919; x_wconf 91' lang='lat' dir='ltr'>hac</span> <span class='ocrx_word' id='word_1_131' title='bbox 646 1860 760 1920; x_wconf 81' lang='lat' dir='ltr'>adlatus</span> <span class='ocrx_word' id='word_1_132' title='bbox 781 1878 852 1920; x_wconf 87' lang='lat' dir='ltr'>voce</span> <span class='ocrx_word' id='word_1_133' title='bbox 872 1866 1026 1936; x_wconf 88' lang='lat' dir='ltr'>parentem</span> <span class='ocrx_word' id='word_1_134' title='bbox 1040 1857 1098 1920; x_wconf 79' lang='grc'><strong>1333</strong></span> 
     </span>
     <span class='ocr_line' id='line_1_22' title="bbox 190 1937 917 2015; baseline 0.001 -18"><span class='ocrx_word' id='word_1_135' title='bbox 190 1937 287 1999; x_wconf 85' lang='grc' dir='ltr'><strong>Μ1111</strong></span> <span class='ocrx_word' id='word_1_136' title='bbox 307 1941 434 2015; x_wconf 82' lang='lat' dir='ltr'>Cyrene,</span> <span class='ocrx_word' id='word_1_137' title='bbox 456 1946 564 2012; x_wconf 88' lang='lat' dir='ltr'>mater,</span> <span class='ocrx_word' id='word_1_138' title='bbox 586 1955 659 2015; x_wconf 87' lang='lat' dir='ltr'>quae</span> <span class='ocrx_word' id='word_1_139' title='bbox 680 1938 809 2014; x_wconf 76' lang='lat' dir='ltr'>gurgitis</span> <span class='ocrx_word' id='word_1_140' title='bbox 831 1939 917 1998; x_wconf 89' lang='lat' dir='ltr'>huius</span> 
     </span>
    </p>

    <p class='ocr_par' dir='ltr' id='par_1_11' title="bbox 189 2016 968 2095">
     <span class='ocr_line' id='line_1_23' title="bbox 189 2016 968 2095; baseline 0 -20"><span class='ocrx_word' id='word_1_141' title='bbox 189 2017 250 2076; x_wconf 89' lang='lat' dir='ltr'>lma</span> <span class='ocrx_word' id='word_1_142' title='bbox 271 2024 363 2091; x_wconf 89' lang='lat' dir='ltr'>tenes,</span> <span class='ocrx_word' id='word_1_143' title='bbox 386 2016 454 2095; x_wconf 90' lang='lat' dir='ltr'>quid</span> <span class='ocrx_word' id='word_1_144' title='bbox 475 2035 521 2075; x_wconf 92' lang='lat' dir='ltr'>me</span> <span class='ocrx_word' id='word_1_145' title='bbox 541 2019 693 2093; x_wconf 86' lang='lat' dir='ltr'>praeclara</span> <span class='ocrx_word' id='word_1_146' title='bbox 714 2018 807 2092; x_wconf 89' lang='lat' dir='ltr'>stirpe</span> <span class='ocrx_word' id='word_1_147' title='bbox 828 2019 968 2090; x_wconf 86' lang='lat' dir='ltr'>Deorum,</span> 
     </span>
    </p>

    <p class='ocr_par' dir='ltr' id='par_1_12' title="bbox 188 2095 1097 2252">
     <span class='ocr_line' id='line_1_24' title="bbox 188 2095 1097 2175; baseline 0.001 -20"><span class='ocrx_word' id='word_1_148' title='bbox 188 2095 232 2173; x_wconf 91' lang='lat' dir='ltr'>(Si</span> <span class='ocrx_word' id='word_1_149' title='bbox 245 2098 340 2170; x_wconf 90' lang='lat' dir='ltr'>modo,</span> <span class='ocrx_word' id='word_1_150' title='bbox 353 2116 436 2172; x_wconf 88' lang='lat' dir='ltr'>quem</span> <span class='ocrx_word' id='word_1_151' title='bbox 448 2096 595 2173; x_wconf 87' lang='lat' dir='ltr'>perhibes,</span> <span class='ocrx_word' id='word_1_152' title='bbox 608 2103 693 2173; x_wconf 90' lang='lat' dir='ltr'>pater</span> <span class='ocrx_word' id='word_1_153' title='bbox 705 2103 750 2155; x_wconf 89' lang='lat' dir='ltr'>est</span> <span class='ocrx_word' id='word_1_154' title='bbox 761 2098 968 2172; x_wconf 82' lang='lat' dir='ltr'>Thymbraeus</span> <span class='ocrx_word' id='word_1_155' title='bbox 978 2096 1097 2175; x_wconf 89' lang='lat' dir='ltr'>Apollo)</span> 
     </span>
     <span class='ocr_line' id='line_1_25' title="bbox 189 2173 919 2252; baseline -0.003 -18"><span class='ocrx_word' id='word_1_156' title='bbox 189 2175 317 2234; x_wconf 87' lang='lat' dir='ltr'>invisum</span> <span class='ocrx_word' id='word_1_157' title='bbox 338 2175 408 2235; x_wconf 82' lang='lat' dir='ltr'>fatis</span> <span class='ocrx_word' id='word_1_158' title='bbox 428 2174 580 2251; x_wconf 78' lang='lat' dir='ltr'>genuistii</span> <span class='ocrx_word' id='word_1_159' title='bbox 601 2182 652 2235; x_wconf 91' lang='lat' dir='ltr'>aut</span> <span class='ocrx_word' id='word_1_160' title='bbox 673 2194 729 2252; x_wconf 88' lang='lat' dir='ltr'>quo</span> <span class='ocrx_word' id='word_1_161' title='bbox 750 2174 805 2234; x_wconf 92' lang='lat' dir='ltr'>tibi</span> <span class='ocrx_word' id='word_1_162' title='bbox 825 2173 919 2235; x_wconf 89' lang='lat' dir='ltr'>nostri</span> 
     </span>
    </p>

    <p class='ocr_par' dir='ltr' id='par_1_13' title="bbox 188 2252 1099 2566">
     <span class='ocr_line' id='line_1_26' title="bbox 190 2252 1099 2332; baseline -0.001 -19"><span class='ocrx_word' id='word_1_163' title='bbox 190 2253 296 2314; x_wconf 89' lang='lat' dir='ltr'>Pulsus</span> <span class='ocrx_word' id='word_1_164' title='bbox 316 2254 422 2314; x_wconf 82' lang='lat' dir='ltr'>amori</span> <span class='ocrx_word' id='word_1_165' title='bbox 444 2254 512 2332; x_wconf 93' lang='lat' dir='ltr'>quid</span> <span class='ocrx_word' id='word_1_166' title='bbox 532 2272 579 2312; x_wconf 91' lang='lat' dir='ltr'>me</span> <span class='ocrx_word' id='word_1_167' title='bbox 599 2254 713 2312; x_wconf 88' lang='lat' dir='ltr'>eoelum</span> <span class='ocrx_word' id='word_1_168' title='bbox 733 2271 853 2330; x_wconf 91' lang='lat' dir='ltr'>sperare</span> <span class='ocrx_word' id='word_1_169' title='bbox 875 2252 1020 2314; x_wconf 84' lang='lat' dir='ltr'>iubebast</span> <span class='ocrx_word' id='word_1_170' title='bbox 1060 2252 1099 2297; x_wconf 72' lang='lat'>³2⁵</span> 
     </span>
     <span class='ocr_line' id='line_1_27' title="bbox 190 2331 987 2409; baseline -0.003 -17"><span class='ocrx_word' id='word_1_171' title='bbox 190 2333 234 2392; x_wconf 85' lang='lat' dir='ltr'>En</span> <span class='ocrx_word' id='word_1_172' title='bbox 254 2331 344 2392; x_wconf 90' lang='lat' dir='ltr'>etiam</span> <span class='ocrx_word' id='word_1_173' title='bbox 364 2335 440 2392; x_wconf 91' lang='lat' dir='ltr'>hunc</span> <span class='ocrx_word' id='word_1_174' title='bbox 460 2333 555 2409; x_wconf 92' lang='lat' dir='ltr'>ipsum</span> <span class='ocrx_word' id='word_1_175' title='bbox 576 2331 656 2392; x_wconf 90' lang='lat' dir='ltr'>vitae</span> <span class='ocrx_word' id='word_1_176' title='bbox 677 2331 812 2392; x_wconf 90' lang='lat' dir='ltr'>mortalis</span> <span class='ocrx_word' id='word_1_177' title='bbox 833 2333 987 2401; x_wconf 89' lang='lat' dir='ltr'>honorem,</span> 
     </span>
     <span class='ocr_line' id='line_1_28' title="bbox 188 2410 1076 2487; baseline 0.002 -17"><span class='ocrx_word' id='word_1_178' title='bbox 188 2413 280 2482; x_wconf 87' lang='lat' dir='ltr'>Quem</span> <span class='ocrx_word' id='word_1_179' title='bbox 300 2411 373 2470; x_wconf 92' lang='lat' dir='ltr'>mihi</span> <span class='ocrx_word' id='word_1_180' title='bbox 394 2413 444 2472; x_wconf 86' lang='lat' dir='ltr'>vix</span> <span class='ocrx_word' id='word_1_181' title='bbox 464 2414 582 2487; x_wconf 79' lang='lat' dir='ltr'>hugum</span> <span class='ocrx_word' id='word_1_182' title='bbox 604 2419 634 2470; x_wconf 91' lang='lat' dir='ltr'>et</span> <span class='ocrx_word' id='word_1_183' title='bbox 657 2413 797 2486; x_wconf 89' lang='lat' dir='ltr'>pecudum</span> <span class='ocrx_word' id='word_1_184' title='bbox 817 2410 948 2472; x_wconf 88' lang='lat' dir='ltr'>custodia</span> <span class='ocrx_word' id='word_1_185' title='bbox 969 2411 1076 2472; x_wconf 90' lang='lat' dir='ltr'>sollers</span> 
     </span>
     <span class='ocr_line' id='line_1_29' title="bbox 188 2488 973 2566; baseline 0.003 -18"><span class='ocrx_word' id='word_1_186' title='bbox 188 2490 290 2549; x_wconf 89' lang='lat' dir='ltr'>Omnia</span> <span class='ocrx_word' id='word_1_187' title='bbox 311 2491 437 2551; x_wconf 88' lang='lat' dir='ltr'>tentanti</span> <span class='ocrx_word' id='word_1_188' title='bbox 458 2492 625 2561; x_wconf 82' lang='lat' dir='ltr'>extuderat,</span> <span class='ocrx_word' id='word_1_189' title='bbox 649 2498 680 2549; x_wconf 89' lang='lat' dir='ltr'>te</span> <span class='ocrx_word' id='word_1_190' title='bbox 700 2497 809 2558; x_wconf 88' lang='lat' dir='ltr'>matre,</span> <span class='ocrx_word' id='word_1_191' title='bbox 830 2488 973 2566; x_wconf 89' lang='lat' dir='ltr'>relinquo.</span> 
     </span>
    </p>

    <p class='ocr_par' dir='ltr' id='par_1_14' title="bbox 188 2567 928 2645">
     <span class='ocr_line' id='line_1_30' title="bbox 188 2567 928 2645; baseline -0.003 -18"><span class='ocrx_word' id='word_1_192' title='bbox 188 2567 263 2640; x_wconf 87' lang='lat' dir='ltr'>Quin</span> <span class='ocrx_word' id='word_1_193' title='bbox 283 2587 348 2642; x_wconf 80' lang='lat' dir='ltr'>age,</span> <span class='ocrx_word' id='word_1_194' title='bbox 371 2577 401 2628; x_wconf 92' lang='lat' dir='ltr'>et</span> <span class='ocrx_word' id='word_1_195' title='bbox 422 2569 484 2645; x_wconf 91' lang='lat' dir='ltr'>ipsa</span> <span class='ocrx_word' id='word_1_196' title='bbox 504 2588 590 2628; x_wconf 91' lang='lat' dir='ltr'>manu</span> <span class='ocrx_word' id='word_1_197' title='bbox 611 2568 711 2628; x_wconf 82' lang='lat' dir='ltr'>felices</span> <span class='ocrx_word' id='word_1_198' title='bbox 731 2587 801 2627; x_wconf 87' lang='lat' dir='ltr'>crue</span> <span class='ocrx_word' id='word_1_199' title='bbox 821 2568 928 2628; x_wconf 89' lang='lat' dir='ltr'>silvas:</span> 
     </span>
    </p>

    <p class='ocr_par' dir='ltr' id='par_1_15' title="bbox 188 2644 1101 2882">
     <span class='ocr_line' id='line_1_31' title="bbox 188 2644 1101 2724; baseline -0.001 -17"><span class='ocrx_word' id='word_1_200' title='bbox 188 2651 248 2707; x_wconf 86' lang='lat' dir='ltr'>Fer</span> <span class='ocrx_word' id='word_1_201' title='bbox 262 2648 385 2707; x_wconf 90' lang='lat' dir='ltr'>stabulis</span> <span class='ocrx_word' id='word_1_202' title='bbox 399 2647 545 2707; x_wconf 90' lang='lat' dir='ltr'>inimicum</span> <span class='ocrx_word' id='word_1_203' title='bbox 556 2649 665 2722; x_wconf 78' lang='lat' dir='ltr'>ignem,</span> <span class='ocrx_word' id='word_1_204' title='bbox 681 2654 768 2724; x_wconf 90' lang='lat' dir='ltr'>atque</span> <span class='ocrx_word' id='word_1_205' title='bbox 782 2647 916 2708; x_wconf 88' lang='lat' dir='ltr'>interfice</span> <span class='ocrx_word' id='word_1_206' title='bbox 927 2662 1048 2708; x_wconf 80' lang='lat' dir='ltr'>messes:</span> <span class='ocrx_word' id='word_1_207' title='bbox 1063 2644 1101 2687; x_wconf 77' lang='grc'>333</span> 
     </span>
     <span class='ocr_line' id='line_1_32' title="bbox 191 2726 1015 2802; baseline 0.002 -17"><span class='ocrx_word' id='word_1_208' title='bbox 191 2729 252 2785; x_wconf 86' lang='lat' dir='ltr'>Vre</span> <span class='ocrx_word' id='word_1_209' title='bbox 271 2735 346 2794; x_wconf 87' lang='lat' dir='ltr'>sata,</span> <span class='ocrx_word' id='word_1_210' title='bbox 367 2733 398 2786; x_wconf 90' lang='lat' dir='ltr'>ct</span> <span class='ocrx_word' id='word_1_211' title='bbox 419 2726 546 2786; x_wconf 89' lang='lat' dir='ltr'>validam</span> <span class='ocrx_word' id='word_1_212' title='bbox 567 2727 597 2784; x_wconf 88' lang='lat' dir='ltr'>in</span> <span class='ocrx_word' id='word_1_213' title='bbox 617 2726 696 2786; x_wconf 88' lang='lat' dir='ltr'>vites</span> <span class='ocrx_word' id='word_1_214' title='bbox 715 2726 820 2785; x_wconf 89' lang='lat' dir='ltr'>molire</span> <span class='ocrx_word' id='word_1_215' title='bbox 841 2726 1015 2802; x_wconf 76' lang='lat' dir='ltr'>bipennem:</span> 
     </span>
     <span class='ocr_line' id='line_1_33' title="bbox 188 2804 884 2882; baseline -0.004 -17"><span class='ocrx_word' id='word_1_216' title='bbox 188 2807 283 2865; x_wconf 84' lang='lat' dir='ltr'>&#39;Tanta</span> <span class='ocrx_word' id='word_1_217' title='bbox 302 2823 384 2864; x_wconf 89' lang='lat' dir='ltr'>meae</span> <span class='ocrx_word' id='word_1_218' title='bbox 405 2804 429 2865; x_wconf 89' lang='lat' dir='ltr'>si</span> <span class='ocrx_word' id='word_1_219' title='bbox 451 2812 481 2864; x_wconf 90' lang='lat' dir='ltr'>te</span> <span class='ocrx_word' id='word_1_220' title='bbox 502 2812 642 2882; x_wconf 88' lang='lat' dir='ltr'>ceperunt</span> <span class='ocrx_word' id='word_1_221' title='bbox 662 2804 759 2864; x_wconf 90' lang='lat' dir='ltr'>taedia</span> <span class='ocrx_word' id='word_1_222' title='bbox 779 2805 884 2864; x_wconf 88' lang='lat' dir='ltr'>laudis.</span> 
     </span>
    </p>

    <p class='ocr_par' dir='ltr' id='par_1_16' title="bbox 189 2880 944 2944">
     <span class='ocr_line' id='line_1_34' title="bbox 189 2880 944 2944; baseline -0.003 -1"><span class='ocrx_word' id='word_1_223' title='bbox 189 2889 231 2943; x_wconf 88' lang='lat' dir='ltr'>At</span> <span class='ocrx_word' id='word_1_224' title='bbox 251 2890 348 2943; x_wconf 91' lang='lat' dir='ltr'>mater</span> <span class='ocrx_word' id='word_1_225' title='bbox 368 2883 495 2944; x_wconf 89' lang='lat' dir='ltr'>sonitum</span> <span class='ocrx_word' id='word_1_226' title='bbox 516 2884 646 2943; x_wconf 89' lang='lat' dir='ltr'>thalamo</span> <span class='ocrx_word' id='word_1_227' title='bbox 667 2884 720 2943; x_wconf 92' lang='lat' dir='ltr'>sub</span> <span class='ocrx_word' id='word_1_228' title='bbox 741 2883 869 2944; x_wconf 89' lang='lat' dir='ltr'>fluminis</span> <span class='ocrx_word' id='word_1_229' title='bbox 889 2880 944 2942; x_wconf 90' lang='lat' dir='ltr'>alti</span> 
     </span>
    </p>

    <p class='ocr_par' dir='ltr' id='par_1_17' title="bbox 170 2961 1099 3432">
     <span class='ocr_line' id='line_1_35' title="bbox 188 2961 975 3040; baseline -0.003 -18"><span class='ocrx_word' id='word_1_230' title='bbox 188 2961 297 3022; x_wconf 85' lang='lat' dir='ltr'>Sensit.</span> <span class='ocrx_word' id='word_1_231' title='bbox 320 2964 395 3021; x_wconf 87' lang='lat' dir='ltr'>Eam</span> <span class='ocrx_word' id='word_1_232' title='bbox 414 2961 525 3021; x_wconf 88' lang='lat' dir='ltr'>circum</span> <span class='ocrx_word' id='word_1_233' title='bbox 545 2962 662 3021; x_wconf 90' lang='lat' dir='ltr'>Milesia</span> <span class='ocrx_word' id='word_1_234' title='bbox 683 2961 798 3023; x_wconf 88' lang='lat' dir='ltr'>vellera</span> <span class='ocrx_word' id='word_1_235' title='bbox 818 2962 975 3040; x_wconf 89' lang='lat' dir='ltr'>Nymphae</span> 
     </span>
     <span class='ocr_line' id='line_1_36' title="bbox 189 3037 1099 3116; baseline -0.001 -17"><span class='ocrx_word' id='word_1_236' title='bbox 189 3040 362 3116; x_wconf 89' lang='lat' dir='ltr'>Carpebant,</span> <span class='ocrx_word' id='word_1_237' title='bbox 385 3041 468 3116; x_wconf 82' lang='lat' dir='ltr'>hyali</span> <span class='ocrx_word' id='word_1_238' title='bbox 488 3049 590 3101; x_wconf 90' lang='lat' dir='ltr'>saturo</span> <span class='ocrx_word' id='word_1_239' title='bbox 609 3041 708 3099; x_wconf 83' lang='lat' dir='ltr'>fucata</span> <span class='ocrx_word' id='word_1_240' title='bbox 728 3041 839 3113; x_wconf 88' lang='lat' dir='ltr'>colore,</span> <span class='ocrx_word' id='word_1_241' title='bbox 1061 3037 1099 3081; x_wconf 64' lang='lat'>³³³</span> 
     </span>
     <span class='ocr_line' id='line_1_37' title="bbox 188 3118 1036 3196; baseline -0.001 -19"><span class='ocrx_word' id='word_1_242' title='bbox 188 3120 370 3194; x_wconf 91' lang='lat' dir='ltr'>Drymoque,</span> <span class='ocrx_word' id='word_1_243' title='bbox 392 3119 579 3194; x_wconf 87' lang='lat' dir='ltr'>Xanthoque,</span> <span class='ocrx_word' id='word_1_244' title='bbox 601 3118 761 3196; x_wconf 82' lang='lat' dir='ltr'>Ligeaque,</span> <span class='ocrx_word' id='word_1_245' title='bbox 784 3118 1036 3196; x_wconf 81' lang='lat' dir='ltr'>Phyllodoceque,</span> 
     </span>
     <span class='ocr_line' id='line_1_38' title="bbox 189 3195 950 3274; baseline 0.007 -18"><span class='ocrx_word' id='word_1_246' title='bbox 189 3195 354 3256; x_wconf 81' lang='lat' dir='ltr'>Caeseriem</span> <span class='ocrx_word' id='word_1_247' title='bbox 375 3197 480 3255; x_wconf 83' lang='lat' dir='ltr'>effusae</span> <span class='ocrx_word' id='word_1_248' title='bbox 500 3197 622 3256; x_wconf 91' lang='lat' dir='ltr'>nitidam</span> <span class='ocrx_word' id='word_1_249' title='bbox 641 3215 695 3274; x_wconf 91' lang='lat' dir='ltr'>per</span> <span class='ocrx_word' id='word_1_250' title='bbox 715 3197 834 3257; x_wconf 88' lang='lat' dir='ltr'>eandida</span> <span class='ocrx_word' id='word_1_251' title='bbox 854 3198 950 3261; x_wconf 75' lang='lat' dir='ltr'>colla:</span> 
     </span>
     <span class='ocr_line' id='line_1_39' title="bbox 170 3273 919 3352; baseline 0 -18"><span class='ocrx_word' id='word_1_252' title='bbox 170 3274 314 3348; x_wconf 65' lang='lat' dir='ltr'>’Nesaee</span> <span class='ocrx_word' id='word_1_253' title='bbox 336 3273 471 3351; x_wconf 88' lang='lat' dir='ltr'>Spioque,</span> <span class='ocrx_word' id='word_1_254' title='bbox 493 3275 665 3352; x_wconf 84' lang='lat' dir='ltr'>Thaliaque,</span> <span class='ocrx_word' id='word_1_255' title='bbox 687 3277 919 3352; x_wconf 90' lang='lat' dir='ltr'>Cymodoceque,</span> 
     </span>
     <span class='ocr_line' id='line_1_40' title="bbox 189 3353 958 3432; baseline -0.001 -18"><span class='ocrx_word' id='word_1_256' title='bbox 189 3353 388 3432; x_wconf 87' lang='lat' dir='ltr'>Cydippeque,</span> <span class='ocrx_word' id='word_1_257' title='bbox 410 3360 441 3412; x_wconf 87' lang='lat' dir='ltr'>et</span> <span class='ocrx_word' id='word_1_258' title='bbox 462 3353 538 3413; x_wconf 85' lang='lat' dir='ltr'>flava</span> <span class='ocrx_word' id='word_1_259' title='bbox 559 3353 722 3428; x_wconf 86' lang='lat' dir='ltr'>Lycorias:</span> <span class='ocrx_word' id='word_1_260' title='bbox 743 3355 840 3415; x_wconf 86' lang='lat' dir='ltr'>altera</span> <span class='ocrx_word' id='word_1_261' title='bbox 859 3353 958 3428; x_wconf 85' lang='lat' dir='ltr'>virgo,</span> 
     </span>
    </p>
   </div>
   <div class='ocr_carea' id='block_1_3' title="bbox 190 3427 1100 3512">
    <p class='ocr_par' dir='ltr' id='par_1_18' title="bbox 190 3427 1100 3512">
     <span class='ocr_line' id='line_1_41' title="bbox 190 3427 1100 3512; baseline -0.003 -20"><span class='ocrx_word' id='word_1_262' title='bbox 190 3432 297 3496; x_wconf 86' lang='lat' dir='ltr'>Altera</span> <span class='ocrx_word' id='word_1_263' title='bbox 316 3440 381 3495; x_wconf 87' lang='lat' dir='ltr'>tum</span> <span class='ocrx_word' id='word_1_264' title='bbox 400 3430 511 3511; x_wconf 89' lang='lat' dir='ltr'>primos</span> <span class='ocrx_word' id='word_1_265' title='bbox 531 3431 657 3495; x_wconf 87' lang='lat' dir='ltr'>Lucinae</span> <span class='ocrx_word' id='word_1_266' title='bbox 677 3440 802 3512; x_wconf 83' lang='lat' dir='ltr'>experta</span> <span class='ocrx_word' id='word_1_267' title='bbox 819 3433 957 3494; x_wconf 82' lang='lat' dir='ltr'>labores:</span> <span class='ocrx_word' id='word_1_268' title='bbox 1058 3427 1100 3472; x_wconf 75' lang='lat'>³⁴⁰</span> 
     </span>
    </p>
   </div>
   <div class='ocr_carea' id='block_1_4' title="bbox 0 0 1262 4178">
    <p class='ocr_par' dir='ltr' id='par_1_19' title="bbox 0 0 1262 4178">
     <span class='ocr_line' id='line_1_42' title="bbox 0 0 1262 4178; baseline 0 0"><span class='ocrx_word' id='word_1_269' title='bbox 0 0 1262 4178; x_wconf 95' lang='lat' dir='ltr'> </span> 
     </span>
    </p>
   </div>
  </div>
 </body>
</html>
