2514 4178
460 277 620 322 eucnemon
642 279 731 322 amun
752 278 794 320 111.
1058 257 1096 320 61

191 366 322 443 Corpora
342 367 496 445 praecipue
516 375 645 429 matrum
666 369 758 445 legat.
781 371 908 446 Optuma
930 375 1033 428 torvae

191 445 301 505 Forma
320 445 416 522 bovis,
436 447 484 508 oui
505 456 590 524 turpe
610 456 709 526 caput,
731 447 778 508 cui
799 447 925 525 plurima
945 447 1062 516 cervia,

191 525 232 584 Et
252 542 373 584 crurum
394 533 479 588 tenus
498 546 514 587 a
535 533 634 588 mento
657 527 785 605 palearia
805 527 942 605 pendent:

190 604 266 662 Tum
286 605 374 680 longo
394 605 492 665 nullus
511 605 601 666 lateri
621 608 745 667 modus:
768 605 864 666 omnia
883 623 1010 681 magna:

191 681 249 742 Pes
268 681 369 757 ctiam,
392 690 422 744 et
443 683 569 744 camuris
590 684 688 745 hirtae
709 686 763 745 sub
782 685 917 745 cornibus
936 700 1033 744 aures.
1073 682 1100 727 ⁵⁵

191 761 253 822 Nec
273 762 346 821 mihi
361 761 518 839 ,displiceat
538 763 661 823 maculis
680 762 802 840 insignis
823 771 853 823 ct
874 765 951 836 albo,

190 841 251 900 Aut
273 840 340 916 iuga
360 844 549 919 detrectans3
570 842 776 922 interdumque
796 861 899 919 aspera
917 861 1018 918 cornu,

192 921 233 980 Et
252 919 355 979 faciem
376 928 461 981 tauro
482 921 612 998 propior,
634 940 763 1000 quaeque
782 924 872 982 ardua
894 929 968 997 tota,

191 1001 231 1062 Et
251 999 387 1076 gradiens
399 992 465 1061 ima
485 1000 582 1061 verrit
603 1002 730 1078 vestigia
749 1003 850 1062 cauda.

190 1083 281 1139 Aetas
302 1078 440 1139 Lucinam
461 1079 609 1158 iustosque
628 1081 690 1158 pati
710 1082 887 1158 hymenaeos
1071 1079 1098 1124 ⁶⁰

189 1157 302 1218 Desinit
322 1165 391 1218 ante
411 1160 520 1232 decem,
543 1167 610 1236 post
630 1168 755 1238 quatuor
775 1159 877 1236 incipit
896 1177 1006 1220 annos:

188 1238 294 1298 Cetera
313 1255 365 1296 nec
384 1236 499 1298 feturae
519 1238 636 1314 habilis,
658 1258 710 1299 nec
731 1239 818 1300 fortis
837 1239 959 1300 aratris.

189 1317 316 1389 Interea,
338 1326 456 1393 superat
478 1318 618 1392 gregibus
638 1320 707 1380 dum
730 1319 808 1379 laeta
828 1317 997 1390 iuventus„

188 1397 278 1456 Solve
297 1413 413 1456 mares:
438 1396 524 1458 mitte
544 1397 574 1456 iu
596 1398 741 1457 Venerem
760 1396 895 1474 pecuaria
915 1397 1038 1473 primus.

187 1477 285 1552 Atque
304 1474 392 1535 aliam
412 1495 449 1536 ex
470 1476 528 1535 alia
548 1479 713 1552 generando
733 1476 832 1536 suffice
853 1475 977 1552 prolem.
1069 1475 1096 1518 ⁶5

193 1555 323 1629 Optume
342 1557 558 1633 quoequasti&
576 1557 695 1615 mireris
714 1557 889 1616 mortalibus
909 1556 977 1613 acui

188 1635 295 1692 Prima
313 1635 414 1710 sopit:
433 1626 564 1694 subcunt
578 1637 671 1695 morbi
689 1637 842 1712 tristisque
860 1641 1016 1694 senectus:

189 1714 230 1771 lo't
248 1715 332 1772 tabor
352 1722 381 1773 et
400 1715 497 1773 durae
516 1715 599 1790 rapit
618 1715 806 1775 inclementia
825 1715 940 1773 puertia.

188 1794 311 1870 Semper
330 1800 428 1866 erunt,
451 1811 574 1870 quarum
594 1793 704 1856 mutari
724 1811 848 1870 corpora
868 1792 973 1852 malis:

187 1871 309 1948 Semper
329 1871 407 1931 enim
427 1873 536 1931 refice:
560 1891 604 1947 ac,
626 1891 662 1932 ne
682 1881 748 1950 post
768 1872 874 1932 amissa
896 1872 1040 1948 requiras,
1068 1869 1095 1913 ⁷⁰

188 1950 343 2024 Anteveni,
364 1958 395 2011 et
416 1952 546 2011 sobolem
565 1959 699 2012 armento
719 1951 830 2012 sortire
850 1951 1013 2029 quotannis.

152 2026 285 2090 Necnon
306 2038 337 2091 et
357 2031 455 2108 pecori
475 2038 521 2091 est
542 2029 619 2091 idem
640 2031 771 2091 delectus
791 2031 905 2108 equino.

186 2111 232 2169 'Pu
252 2111 348 2183 molo,
370 2126 440 2186 quos
460 2109 490 2168 in
510 2127 591 2186 spem
611 2118 725 2170 statues
746 2110 920 2170 submittere
941 2109 1049 2184 gentis,

187 2187 380 2264 Praecipuum
399 2189 457 2248 iam
477 2188 542 2247 inde
563 2208 579 2249 a
601 2189 711 2250 teneris
731 2188 852 2266 inpendo
872 2189 1014 2248 lahorem.

184 2267 326 2327 Continuo
346 2267 459 2344 pecoris
478 2268 613 2344 generosi
634 2269 731 2345 pullus
752 2268 780 2326 in
801 2267 882 2328 arvis
1067 2263 1095 2308 ὓ

185 2346 285 2407 Altius
304 2346 482 2422 ingreditur,
505 2354 535 2406 et
557 2347 656 2406 mollia
676 2366 764 2407 crura
784 2345 920 2423 reponit:

185 2425 305 2486 Primus
324 2434 355 2486 et
375 2426 420 2485 ire
441 2426 529 2499 viam,
552 2433 583 2485 et
604 2426 711 2487 ssuvios
731 2432 847 2486 tentare
868 2424 994 2486 minaces

185 2507 293 2577 Audet,
314 2513 345 2564 et
364 2505 465 2580 ignoto
485 2523 549 2565 sese
569 2505 756 2565 committere
776 2513 885 2582 ponto:

184 2585 247 2644 Nec
267 2603 356 2644 vanos
376 2587 479 2643 horret
500 2585 653 2661 strepitus·
676 2585 725 2644 Illi
745 2586 836 2645 ardua
856 2583 960 2643 cervix

184 2664 389 2739 Argutumque
408 2670 507 2738 caput,
527 2660 627 2722 brevis
647 2664 743 2736 alvus,
766 2664 909 2741 obesaque
928 2669 1038 2738 terga:
1065 2661 1093 2705 8⁰

184 2741 384 2819 Luxuriatque
404 2742 480 2802 toris
499 2743 659 2802 animosum
680 2751 802 2819 pectus:
824 2741 939 2802 honesti

184 2820 331 2898 Spadices,
353 2821 505 2898 glauciquo
517 2843 525 2897 ;
548 2822 629 2881 color
651 2822 830 2881 deterrimus
849 2822 933 2894 albiS,

185 2899 226 2964 Et
244 2899 337 2977 gilv0.
360 2901 447 2972 Tum,
468 2900 494 2959 si
515 2921 571 2978 qua
591 2918 692 2960 sonum
713 2901 815 2978 procul
840 2919 922 2959 arma
943 2901 1059 2973 dedere,

183 2980 271 3043 Stare
291 2979 353 3037 loco
374 2979 486 3038 nescit:
510 2979 598 3039 micat
618 2979 749 3053 auribus,
770 2987 801 3039 et
823 2980 927 3039 tremit
947 2987 1052 3039 artus:

182 3058 401 3134 collectumque
420 3056 548 3119 fremens
568 3057 665 3118 volvit
685 3060 738 3118 sub
759 3060 875 3120 naribus
896 3059 1013 3134 ignem:
1064 3056 1092 3099 ⁸⁵

182 3140 278 3201 Densa
298 3138 374 3210 iuba,
396 3143 427 3196 et
448 3139 554 3198 dextro
574 3136 682 3197 iactata
702 3138 847 3199 recumbit
867 3139 897 3198 in
916 3156 1020 3198 armo:

183 3219 225 3279 At
246 3217 352 3294 duplex
372 3216 473 3292 agitur
494 3234 546 3292 per
567 3217 681 3276 lumbos
702 3216 805 3294 spina;
827 3224 971 3294 cavatque

182 3297 345 3370 Tellurem,
367 3303 398 3356 ct
419 3295 512 3356 solido
532 3295 667 3371 graviter
687 3304 771 3357 sonat
792 3297 901 3372 ungula
921 3314 1023 3357 cornu.

182 3375 263 3437 Talis
283 3373 436 3451 Amyclaei
456 3374 583 3434 domitus
604 3375 734 3436 Pollucis
754 3375 873 3435 habenis

183 3456 332 3537 Cyllarus,
354 3460 385 3516 et
406 3471 529 3540 quorum
549 3453 631 3515 Graii
650 3453 809 3526 meminere
829 3461 943 3538 poetae,
1066 3453 1094 3508 9⁰
