<?xml version="1.0" encoding="UTF-8"?>
<!DOCTYPE html PUBLIC "-//W3C//DTD XHTML 1.0 Transitional//EN"
    "http://www.w3.org/TR/xhtml1/DTD/xhtml1-transitional.dtd">
<html xmlns="http://www.w3.org/1999/xhtml" xml:lang="en" lang="en">
 <head>
  <title>
</title>
<meta http-equiv="Content-Type" content="text/html;charset=utf-8" />
  <meta name='ocr-system' content='tesseract 3.04.00' />
  <meta name='ocr-capabilities' content='ocr_page ocr_carea ocr_par ocr_line ocrx_word'/>
</head>
<body>
  <div class='ocr_page' id='page_1' title='image "./bvcolicaetgeorg00virggoog_0041.png"; bbox 0 0 2514 4178; ppageno 0'>
   <div class='ocr_carea' id='block_1_1' title="bbox 208 241 794 307">
    <p class='ocr_par' dir='ltr' id='par_1_1' title="bbox 208 241 794 307">
     <span class='ocr_line' id='line_1_1' title="bbox 208 241 794 307; baseline -0.015 0"><span class='ocrx_word' id='word_1_1' title='bbox 208 241 248 307; x_wconf 82' lang='grc'><strong>36</strong></span> <span class='ocrx_word' id='word_1_2' title='bbox 566 248 595 301; x_wconf 71' lang='lat' dir='ltr'><strong>t.</strong></span> <span class='ocrx_word' id='word_1_3' title='bbox 618 252 739 300; x_wconf 72' lang='lat' dir='ltr'><strong>vinnand</strong></span> <span class='ocrx_word' id='word_1_4' title='bbox 759 251 794 300; x_wconf 87' lang='lat' dir='ltr'><strong>n.</strong></span> 
     </span>
    </p>
   </div>
   <div class='ocr_carea' id='block_1_2' title="bbox 247 351 1181 511">
    <p class='ocr_par' dir='ltr' id='par_1_2' title="bbox 247 351 1181 511">
     <span class='ocr_line' id='line_1_2' title="bbox 247 351 1049 430; baseline -0.002 -18"><span class='ocrx_word' id='word_1_5' title='bbox 247 356 346 430; x_wconf 75' lang='lat' dir='ltr'><strong>Atque</strong></span> <span class='ocrx_word' id='word_1_6' title='bbox 365 353 441 413; x_wconf 88' lang='lat' dir='ltr'><strong>alius</strong></span> <span class='ocrx_word' id='word_1_7' title='bbox 462 353 556 412; x_wconf 88' lang='lat' dir='ltr'><strong>latum</strong></span> <span class='ocrx_word' id='word_1_8' title='bbox 576 352 664 412; x_wconf 85' lang='lat' dir='ltr'><strong>lunda</strong></span> <span class='ocrx_word' id='word_1_9' title='bbox 684 351 742 410; x_wconf 90' lang='lat' dir='ltr'><strong>iam</strong></span> <span class='ocrx_word' id='word_1_10' title='bbox 763 351 903 411; x_wconf 89' lang='lat' dir='ltr'><strong>verberat</strong></span> <span class='ocrx_word' id='word_1_11' title='bbox 924 365 1049 425; x_wconf 88' lang='lat' dir='ltr'><strong>amnem,</strong></span> 
     </span>
     <span class='ocr_line' id='line_1_3' title="bbox 248 430 1181 511; baseline 0.002 -21"><span class='ocrx_word' id='word_1_12' title='bbox 248 433 321 492; x_wconf 80' lang='lat' dir='ltr'><strong>Alta</strong></span> <span class='ocrx_word' id='word_1_13' title='bbox 344 441 456 511; x_wconf 88' lang='lat' dir='ltr'><strong>petens,</strong></span> <span class='ocrx_word' id='word_1_14' title='bbox 480 433 641 508; x_wconf 82' lang='lat' dir='ltr'>pelagoque</span> <span class='ocrx_word' id='word_1_15' title='bbox 660 431 737 491; x_wconf 87' lang='lat' dir='ltr'><strong>alius</strong></span> <span class='ocrx_word' id='word_1_16' title='bbox 758 431 851 490; x_wconf 88' lang='lat' dir='ltr'><strong>trahit</strong></span> <span class='ocrx_word' id='word_1_17' title='bbox 872 432 992 492; x_wconf 89' lang='lat' dir='ltr'><strong>humida</strong></span> <span class='ocrx_word' id='word_1_18' title='bbox 1012 430 1094 492; x_wconf 82' lang='lat' dir='ltr'><strong>lina:</strong></span> <span class='ocrx_word' id='word_1_19' title='bbox 1179 436 1181 440; x_wconf 70' lang='grc'><em>”</em></span> 
     </span>
    </p>
   </div>
   <div class='ocr_carea' id='block_1_3' title="bbox 210 509 1165 3436">
    <p class='ocr_par' dir='ltr' id='par_1_3' title="bbox 248 509 1057 587">
     <span class='ocr_line' id='line_1_4' title="bbox 248 509 1057 587; baseline 0 -17"><span class='ocrx_word' id='word_1_20' title='bbox 248 513 324 571; x_wconf 89' lang='lat' dir='ltr'><strong>&#39;an</strong></span> <span class='ocrx_word' id='word_1_21' title='bbox 344 510 418 571; x_wconf 86' lang='lat' dir='ltr'><strong>terri</strong></span> <span class='ocrx_word' id='word_1_22' title='bbox 439 511 534 587; x_wconf 87' lang='lat' dir='ltr'><strong>rigor,</strong></span> <span class='ocrx_word' id='word_1_23' title='bbox 556 517 644 586; x_wconf 91' lang='lat' dir='ltr'><strong>atque</strong></span> <span class='ocrx_word' id='word_1_24' title='bbox 665 518 789 585; x_wconf 79' lang='lat' dir='ltr'><strong>argutae</strong></span> <span class='ocrx_word' id='word_1_25' title='bbox 810 509 918 570; x_wconf 89' lang='lat' dir='ltr'><strong>lamina</strong></span> <span class='ocrx_word' id='word_1_26' title='bbox 938 527 1057 587; x_wconf 74' lang='lat' dir='ltr'><strong>sorra03</strong></span> 
     </span>
    </p>

    <p class='ocr_par' dir='ltr' id='par_1_4' title="bbox 248 588 1000 668">
     <span class='ocr_line' id='line_1_5' title="bbox 248 588 1000 668; baseline 0 -20"><span class='ocrx_word' id='word_1_27' title='bbox 248 591 325 649; x_wconf 91' lang='lat' dir='ltr'><strong>Nam</strong></span> <span class='ocrx_word' id='word_1_28' title='bbox 348 590 434 668; x_wconf 92' lang='lat' dir='ltr'><strong>primi</strong></span> <span class='ocrx_word' id='word_1_29' title='bbox 455 590 553 650; x_wconf 90' lang='lat' dir='ltr'><strong>cuneis</strong></span> <span class='ocrx_word' id='word_1_30' title='bbox 573 590 742 649; x_wconf 82' lang='lat' dir='ltr'>scindebant</span> <span class='ocrx_word' id='word_1_31' title='bbox 762 588 855 649; x_wconf 87' lang='lat' dir='ltr'><strong>fissile</strong></span> <span class='ocrx_word' id='word_1_32' title='bbox 876 589 1000 666; x_wconf 89' lang='lat' dir='ltr'><strong>lignum.</strong></span> 
     </span>
    </p>

    <p class='ocr_par' dir='ltr' id='par_1_5' title="bbox 247 668 1164 743">
     <span class='ocr_line' id='line_1_6' title="bbox 247 668 1164 743; baseline 0 -15"><span class='ocrx_word' id='word_1_33' title='bbox 247 669 323 728; x_wconf 76' lang='lat' dir='ltr'><strong>&#39;l&#39;um</strong></span> <span class='ocrx_word' id='word_1_34' title='bbox 345 671 444 729; x_wconf 86' lang='lat' dir='ltr'><strong>variae</strong></span> <span class='ocrx_word' id='word_1_35' title='bbox 465 686 573 728; x_wconf 89' lang='lat' dir='ltr'><strong>venere</strong></span> <span class='ocrx_word' id='word_1_36' title='bbox 592 676 695 743; x_wconf 90' lang='lat' dir='ltr'><strong>artes;</strong></span> <span class='ocrx_word' id='word_1_37' title='bbox 718 670 803 728; x_wconf 78' lang='lat' dir='ltr'><strong>tator</strong></span> <span class='ocrx_word' id='word_1_38' title='bbox 822 670 924 728; x_wconf 80' lang='lat' dir='ltr'><strong>omnia</strong></span> <span class='ocrx_word' id='word_1_39' title='bbox 943 671 1015 728; x_wconf 83' lang='lat' dir='ltr'><strong>vicit</strong></span> <span class='ocrx_word' id='word_1_40' title='bbox 1121 668 1164 721; x_wconf 80' lang='lat'><strong>¹¹⁵</strong></span> 
     </span>
    </p>

    <p class='ocr_par' dir='ltr' id='par_1_6' title="bbox 248 749 1012 825">
     <span class='ocr_line' id='line_1_7' title="bbox 248 749 1012 825; baseline 0 -18"><span class='ocrx_word' id='word_1_41' title='bbox 248 751 420 825; x_wconf 71' lang='lat' dir='ltr'><strong>Improbat,</strong></span> <span class='ocrx_word' id='word_1_42' title='bbox 442 757 470 808; x_wconf 82' lang='lat' dir='ltr'><strong>et</strong></span> <span class='ocrx_word' id='word_1_43' title='bbox 491 750 577 808; x_wconf 65' lang='lat' dir='ltr'><strong>dunas</strong></span> <span class='ocrx_word' id='word_1_44' title='bbox 597 765 707 823; x_wconf 75' lang='lat' dir='ltr'><strong>arpena</strong></span> <span class='ocrx_word' id='word_1_45' title='bbox 728 749 760 807; x_wconf 80' lang='lat' dir='ltr'><strong>in</strong></span> <span class='ocrx_word' id='word_1_46' title='bbox 780 749 867 806; x_wconf 80' lang='lat' dir='ltr'><strong>rebus</strong></span> <span class='ocrx_word' id='word_1_47' title='bbox 887 757 1012 824; x_wconf 67' lang='lat' dir='ltr'><strong>egestas.</strong></span> 
     </span>
    </p>

    <p class='ocr_par' dir='ltr' id='par_1_7' title="bbox 248 826 995 888">
     <span class='ocr_line' id='line_1_8' title="bbox 248 826 995 888; baseline -0.003 0"><span class='ocrx_word' id='word_1_48' title='bbox 248 829 350 888; x_wconf 82' lang='lat' dir='ltr'><strong>Prima</strong></span> <span class='ocrx_word' id='word_1_49' title='bbox 371 830 460 888; x_wconf 87' lang='lat' dir='ltr'><strong>Ceres</strong></span> <span class='ocrx_word' id='word_1_50' title='bbox 480 828 561 887; x_wconf 82' lang='lat' dir='ltr'><strong>ferro</strong></span> <span class='ocrx_word' id='word_1_51' title='bbox 582 826 718 886; x_wconf 89' lang='lat' dir='ltr'><strong>mortalis</strong></span> <span class='ocrx_word' id='word_1_52' title='bbox 739 834 860 886; x_wconf 87' lang='lat' dir='ltr'><strong>vertere</strong></span> <span class='ocrx_word' id='word_1_53' title='bbox 882 835 995 888; x_wconf 89' lang='lat' dir='ltr'><strong>terram</strong></span> 
     </span>
    </p>

    <p class='ocr_par' dir='ltr' id='par_1_8' title="bbox 247 906 1082 984">
     <span class='ocr_line' id='line_1_9' title="bbox 247 906 1082 984; baseline 0.002 -18"><span class='ocrx_word' id='word_1_54' title='bbox 247 907 394 979; x_wconf 82' lang='lat' dir='ltr'><strong>Instituit,</strong></span> <span class='ocrx_word' id='word_1_55' title='bbox 417 926 505 984; x_wconf 92' lang='lat' dir='ltr'><strong>quum</strong></span> <span class='ocrx_word' id='word_1_56' title='bbox 525 906 583 966; x_wconf 88' lang='lat' dir='ltr'><strong>iam</strong></span> <span class='ocrx_word' id='word_1_57' title='bbox 605 906 727 981; x_wconf 83' lang='lat' dir='ltr'>glandes</span> <span class='ocrx_word' id='word_1_58' title='bbox 746 914 835 983; x_wconf 86' lang='lat' dir='ltr'><strong>atque</strong></span> <span class='ocrx_word' id='word_1_59' title='bbox 855 907 959 966; x_wconf 86' lang='lat' dir='ltr'><strong>arbuta</strong></span> <span class='ocrx_word' id='word_1_60' title='bbox 980 924 1082 968; x_wconf 82' lang='lat' dir='ltr'><strong>sacrae</strong></span> 
     </span>
    </p>

    <p class='ocr_par' dir='ltr' id='par_1_9' title="bbox 247 984 1060 1060">
     <span class='ocr_line' id='line_1_10' title="bbox 247 984 1060 1060; baseline -0.007 -16"><span class='ocrx_word' id='word_1_61' title='bbox 247 986 416 1046; x_wconf 83' lang='lat' dir='ltr'><strong>lleficerent</strong></span> <span class='ocrx_word' id='word_1_62' title='bbox 436 985 541 1059; x_wconf 89' lang='lat' dir='ltr'><strong>silvae,</strong></span> <span class='ocrx_word' id='word_1_63' title='bbox 564 993 594 1045; x_wconf 90' lang='lat' dir='ltr'><strong>et</strong></span> <span class='ocrx_word' id='word_1_64' title='bbox 617 984 728 1044; x_wconf 87' lang='lat' dir='ltr'><strong>victum</strong></span> <span class='ocrx_word' id='word_1_65' title='bbox 749 987 867 1044; x_wconf 90' lang='lat' dir='ltr'><strong>Dodona</strong></span> <span class='ocrx_word' id='word_1_66' title='bbox 888 992 1021 1060; x_wconf 78' lang='lat' dir='ltr'><strong>negaret.¹</strong></span> <span class='ocrx_word' id='word_1_67' title='bbox 1057 1033 1060 1038; x_wconf 75' lang='grc'>,</span> 
     </span>
    </p>

    <p class='ocr_par' dir='ltr' id='par_1_10' title="bbox 248 1064 1163 1135">
     <span class='ocr_line' id='line_1_11' title="bbox 248 1064 1163 1135; baseline 0.002 -13"><span class='ocrx_word' id='word_1_68' title='bbox 248 1066 320 1124; x_wconf 86' lang='lat' dir='ltr'><strong>Mox</strong></span> <span class='ocrx_word' id='word_1_69' title='bbox 340 1072 371 1125; x_wconf 90' lang='lat' dir='ltr'><strong>et</strong></span> <span class='ocrx_word' id='word_1_70' title='bbox 392 1065 549 1125; x_wconf 78' lang='lat' dir='ltr'><strong>frumentis</strong></span> <span class='ocrx_word' id='word_1_71' title='bbox 570 1065 651 1123; x_wconf 90' lang='lat' dir='ltr'><strong>labor</strong></span> <span class='ocrx_word' id='word_1_72' title='bbox 671 1064 799 1135; x_wconf 90' lang='lat' dir='ltr'><strong>additus,</strong></span> <span class='ocrx_word' id='word_1_73' title='bbox 822 1071 856 1124; x_wconf 92' lang='lat' dir='ltr'><strong>ut</strong></span> <span class='ocrx_word' id='word_1_74' title='bbox 877 1066 953 1124; x_wconf 91' lang='lat' dir='ltr'><strong>mala</strong></span> <span class='ocrx_word' id='word_1_75' title='bbox 973 1066 1085 1125; x_wconf 87' lang='lat' dir='ltr'><strong>culmos</strong></span> <span class='ocrx_word' id='word_1_76' title='bbox 1123 1065 1163 1108; x_wconf 80' lang='lat'><strong>¹⁵⁰</strong></span> 
     </span>
    </p>

    <p class='ocr_par' dir='ltr' id='par_1_11' title="bbox 248 1142 961 1220">
     <span class='ocr_line' id='line_1_12' title="bbox 248 1142 961 1220; baseline -0.001 -18"><span class='ocrx_word' id='word_1_77' title='bbox 248 1145 336 1203; x_wconf 82' lang='lat' dir='ltr'><strong>Esset</strong></span> <span class='ocrx_word' id='word_1_78' title='bbox 359 1144 474 1219; x_wconf 82' lang='lat' dir='ltr'>robigo,</span> <span class='ocrx_word' id='word_1_79' title='bbox 496 1145 650 1220; x_wconf 84' lang='lat' dir='ltr'>segnisque</span> <span class='ocrx_word' id='word_1_80' title='bbox 671 1144 810 1203; x_wconf 90' lang='lat' dir='ltr'><strong>horreret</strong></span> <span class='ocrx_word' id='word_1_81' title='bbox 830 1142 860 1201; x_wconf 93' lang='lat' dir='ltr'><strong>in</strong></span> <span class='ocrx_word' id='word_1_82' title='bbox 880 1143 961 1204; x_wconf 86' lang='lat' dir='ltr'><strong>arvis</strong></span> 
     </span>
    </p>

    <p class='ocr_par' dir='ltr' id='par_1_12' title="bbox 249 1220 1068 1299">
     <span class='ocr_line' id='line_1_13' title="bbox 249 1220 1068 1299; baseline 0.001 -17"><span class='ocrx_word' id='word_1_83' title='bbox 249 1225 402 1283; x_wconf 86' lang='lat' dir='ltr'><strong>Cardnus:</strong></span> <span class='ocrx_word' id='word_1_84' title='bbox 425 1224 575 1284; x_wconf 89' lang='lat' dir='ltr'><strong>intereunt</strong></span> <span class='ocrx_word' id='word_1_85' title='bbox 596 1230 734 1296; x_wconf 87' lang='lat' dir='ltr'><strong>segetes;</strong></span> <span class='ocrx_word' id='word_1_86' title='bbox 756 1220 834 1282; x_wconf 87' lang='lat' dir='ltr'><strong>subit</strong></span> <span class='ocrx_word' id='word_1_87' title='bbox 855 1239 959 1299; x_wconf 84' lang='lat' dir='ltr'><strong>aspera</strong></span> <span class='ocrx_word' id='word_1_88' title='bbox 979 1223 1068 1294; x_wconf 86' lang='lat' dir='ltr'><strong>silva,</strong></span> 
     </span>
    </p>

    <p class='ocr_par' dir='ltr' id='par_1_13' title="bbox 248 1299 1014 1380">
     <span class='ocr_line' id='line_1_14' title="bbox 248 1299 1014 1380; baseline 0.001 -20"><span class='ocrx_word' id='word_1_89' title='bbox 248 1303 421 1379; x_wconf 81' lang='lat' dir='ltr'>Lappaeque</span> <span class='ocrx_word' id='word_1_90' title='bbox 440 1302 612 1380; x_wconf 78' lang='lat' dir='ltr'><strong>tribulique,</strong></span> <span class='ocrx_word' id='word_1_91' title='bbox 635 1301 770 1376; x_wconf 91' lang='lat' dir='ltr'><strong>interque</strong></span> <span class='ocrx_word' id='word_1_92' title='bbox 790 1299 914 1361; x_wconf 87' lang='lat' dir='ltr'><strong>nitentia</strong></span> <span class='ocrx_word' id='word_1_93' title='bbox 934 1303 1014 1363; x_wconf 90' lang='lat' dir='ltr'><strong>culta</strong></span> 
     </span>
    </p>

    <p class='ocr_par' dir='ltr' id='par_1_14' title="bbox 248 1380 1015 1441">
     <span class='ocr_line' id='line_1_15' title="bbox 248 1380 1015 1441; baseline 0.003 -3"><span class='ocrx_word' id='word_1_94' title='bbox 248 1381 354 1440; x_wconf 82' lang='lat' dir='ltr'><strong>lnt‘elix</strong></span> <span class='ocrx_word' id='word_1_95' title='bbox 374 1381 478 1441; x_wconf 91' lang='lat' dir='ltr'><strong>lolium</strong></span> <span class='ocrx_word' id='word_1_96' title='bbox 498 1390 528 1440; x_wconf 90' lang='lat' dir='ltr'><strong>et</strong></span> <span class='ocrx_word' id='word_1_97' title='bbox 550 1381 669 1440; x_wconf 89' lang='lat' dir='ltr'><strong>steriles</strong></span> <span class='ocrx_word' id='word_1_98' title='bbox 689 1380 875 1440; x_wconf 82' lang='lat' dir='ltr'><strong>dominantur</strong></span> <span class='ocrx_word' id='word_1_99' title='bbox 896 1398 1015 1441; x_wconf 89' lang='lat' dir='ltr'>avenae.</span> 
     </span>
    </p>

    <p class='ocr_par' dir='ltr' id='par_1_15' title="bbox 248 1460 1163 1534">
     <span class='ocr_line' id='line_1_16' title="bbox 248 1460 1163 1534; baseline 0.003 -16"><span class='ocrx_word' id='word_1_100' title='bbox 248 1461 330 1531; x_wconf 91' lang='lat' dir='ltr'><strong>Quod</strong></span> <span class='ocrx_word' id='word_1_101' title='bbox 351 1461 405 1519; x_wconf 92' lang='lat' dir='ltr'><strong>nisi</strong></span> <span class='ocrx_word' id='word_1_102' title='bbox 426 1468 456 1520; x_wconf 93' lang='lat' dir='ltr'><strong>et</strong></span> <span class='ocrx_word' id='word_1_103' title='bbox 477 1460 606 1521; x_wconf 85' lang='lat' dir='ltr'><strong>adsiduis</strong></span> <span class='ocrx_word' id='word_1_104' title='bbox 626 1466 739 1519; x_wconf 89' lang='lat' dir='ltr'><strong>terram</strong></span> <span class='ocrx_word' id='word_1_105' title='bbox 760 1460 939 1519; x_wconf 80' lang='lat' dir='ltr'><strong>insectabere</strong></span> <span class='ocrx_word' id='word_1_106' title='bbox 959 1461 1078 1534; x_wconf 88' lang='lat' dir='ltr'><strong>rastris,</strong></span> <span class='ocrx_word' id='word_1_107' title='bbox 1122 1460 1163 1504; x_wconf 82' lang='lat'><strong>¹⁵⁵</strong></span> 
     </span>
    </p>

    <p class='ocr_par' dir='ltr' id='par_1_16' title="bbox 248 1538 912 1614">
     <span class='ocr_line' id='line_1_17' title="bbox 248 1538 912 1614; baseline 0 -17"><span class='ocrx_word' id='word_1_108' title='bbox 248 1541 289 1598; x_wconf 85' lang='lat' dir='ltr'><strong>Et</strong></span> <span class='ocrx_word' id='word_1_109' title='bbox 309 1541 406 1599; x_wconf 90' lang='lat' dir='ltr'><strong>sonitu</strong></span> <span class='ocrx_word' id='word_1_110' title='bbox 428 1539 555 1599; x_wconf 91' lang='lat' dir='ltr'><strong>terrebis</strong></span> <span class='ocrx_word' id='word_1_111' title='bbox 575 1556 656 1611; x_wconf 89' lang='lat' dir='ltr'><strong>aves,</strong></span> <span class='ocrx_word' id='word_1_112' title='bbox 679 1545 710 1598; x_wconf 91' lang='lat' dir='ltr'><strong>et</strong></span> <span class='ocrx_word' id='word_1_113' title='bbox 732 1539 811 1598; x_wconf 91' lang='lat' dir='ltr'><strong>ruris</strong></span> <span class='ocrx_word' id='word_1_114' title='bbox 831 1538 912 1614; x_wconf 91' lang='lat' dir='ltr'><strong>opaci</strong></span> 
     </span>
    </p>

    <p class='ocr_par' dir='ltr' id='par_1_17' title="bbox 250 1617 1123 1698">
     <span class='ocr_line' id='line_1_18' title="bbox 250 1617 1123 1698; baseline 0.005 -22"><span class='ocrx_word' id='word_1_115' title='bbox 250 1619 338 1677; x_wconf 76' lang='lat' dir='ltr'><strong>llalce</strong></span> <span class='ocrx_word' id='word_1_116' title='bbox 358 1636 473 1696; x_wconf 88' lang='lat' dir='ltr'><strong>premes</strong></span> <span class='ocrx_word' id='word_1_117' title='bbox 495 1621 624 1692; x_wconf 87' lang='lat' dir='ltr'><strong>umbras,</strong></span> <span class='ocrx_word' id='word_1_118' title='bbox 648 1617 781 1695; x_wconf 86' lang='lat' dir='ltr'><strong>votisque</strong></span> <span class='ocrx_word' id='word_1_119' title='bbox 803 1617 956 1679; x_wconf 86' lang='lat' dir='ltr'><strong>vocaveris</strong></span> <span class='ocrx_word' id='word_1_120' title='bbox 975 1619 1123 1698; x_wconf 86' lang='lat' dir='ltr'><strong>imbrem;</strong></span> 
     </span>
    </p>

    <p class='ocr_par' dir='ltr' id='par_1_18' title="bbox 249 1697 1108 1775">
     <span class='ocr_line' id='line_1_19' title="bbox 249 1697 1108 1775; baseline 0.005 -20"><span class='ocrx_word' id='word_1_121' title='bbox 249 1697 334 1757; x_wconf 87' lang='lat' dir='ltr'><strong>Heu!</strong></span> <span class='ocrx_word' id='word_1_122' title='bbox 357 1715 494 1774; x_wconf 87' lang='lat' dir='ltr'><strong>magnum</strong></span> <span class='ocrx_word' id='word_1_123' title='bbox 514 1697 638 1758; x_wconf 89' lang='lat' dir='ltr'><strong>alterius</strong></span> <span class='ocrx_word' id='word_1_124' title='bbox 660 1697 771 1758; x_wconf 85' lang='lat' dir='ltr'><strong>frustra</strong></span> <span class='ocrx_word' id='word_1_125' title='bbox 792 1697 935 1772; x_wconf 84' lang='lat' dir='ltr'><strong>spectabis</strong></span> <span class='ocrx_word' id='word_1_126' title='bbox 956 1716 1108 1775; x_wconf 85' lang='lat' dir='ltr'><strong>acervum,</strong></span> 
     </span>
    </p>

    <p class='ocr_par' dir='ltr' id='par_1_19' title="bbox 211 1775 1165 1934">
     <span class='ocr_line' id='line_1_20' title="bbox 248 1775 1024 1854; baseline 0.005 -20"><span class='ocrx_word' id='word_1_127' title='bbox 248 1778 448 1854; x_wconf 82' lang='lat' dir='ltr'><strong>Concussaque</strong></span> <span class='ocrx_word' id='word_1_128' title='bbox 469 1776 576 1835; x_wconf 86' lang='lat' dir='ltr'><strong>famem</strong></span> <span class='ocrx_word' id='word_1_129' title='bbox 595 1775 625 1834; x_wconf 90' lang='lat' dir='ltr'><strong>in</strong></span> <span class='ocrx_word' id='word_1_130' title='bbox 646 1775 732 1836; x_wconf 90' lang='lat' dir='ltr'><strong>silvis</strong></span> <span class='ocrx_word' id='word_1_131' title='bbox 751 1776 884 1835; x_wconf 91' lang='lat' dir='ltr'><strong>solabere</strong></span> <span class='ocrx_word' id='word_1_132' title='bbox 904 1794 1024 1854; x_wconf 90' lang='lat' dir='ltr'><strong>quercu.</strong></span> 
     </span>
     <span class='ocr_line' id='line_1_21' title="bbox 211 1854 1165 1934; baseline 0.003 -20"><span class='ocrx_word' id='word_1_133' title='bbox 211 1854 367 1915; x_wconf 81' lang='lat' dir='ltr'><strong>Dicendum</strong></span> <span class='ocrx_word' id='word_1_134' title='bbox 387 1864 418 1916; x_wconf 94' lang='lat' dir='ltr'><strong>et</strong></span> <span class='ocrx_word' id='word_1_135' title='bbox 439 1873 513 1934; x_wconf 92' lang='lat' dir='ltr'><strong>quae</strong></span> <span class='ocrx_word' id='word_1_136' title='bbox 532 1856 591 1915; x_wconf 91' lang='lat' dir='ltr'><strong>sint</strong></span> <span class='ocrx_word' id='word_1_137' title='bbox 614 1855 695 1915; x_wconf 87' lang='lat' dir='ltr'><strong>duris</strong></span> <span class='ocrx_word' id='word_1_138' title='bbox 715 1855 882 1930; x_wconf 85' lang='lat' dir='ltr'><strong>agrestibus</strong></span> <span class='ocrx_word' id='word_1_139' title='bbox 900 1873 996 1929; x_wconf 88' lang='lat' dir='ltr'><strong>arma,</strong></span> <span class='ocrx_word' id='word_1_140' title='bbox 1123 1857 1165 1902; x_wconf 83' lang='lat'><strong>¹⁰⁰</strong></span> 
     </span>
    </p>

    <p class='ocr_par' dir='ltr' id='par_1_20' title="bbox 249 1931 1066 2011">
     <span class='ocr_line' id='line_1_22' title="bbox 249 1931 1066 2011; baseline 0.005 -19"><span class='ocrx_word' id='word_1_141' title='bbox 249 1931 321 2005; x_wconf 89' lang='lat' dir='ltr'><strong>Quis</strong></span> <span class='ocrx_word' id='word_1_142' title='bbox 341 1935 402 1994; x_wconf 88' lang='lat' dir='ltr'><strong>sine</strong></span> <span class='ocrx_word' id='word_1_143' title='bbox 422 1953 475 1994; x_wconf 88' lang='lat' dir='ltr'><strong>nec</strong></span> <span class='ocrx_word' id='word_1_144' title='bbox 496 1943 618 2011; x_wconf 87' lang='lat' dir='ltr'><strong>potuere</strong></span> <span class='ocrx_word' id='word_1_145' title='bbox 638 1934 697 1994; x_wconf 89' lang='lat' dir='ltr'><strong>seri</strong></span> <span class='ocrx_word' id='word_1_146' title='bbox 718 1953 771 1993; x_wconf 89' lang='lat' dir='ltr'><strong>nee</strong></span> <span class='ocrx_word' id='word_1_147' title='bbox 791 1951 915 2011; x_wconf 87' lang='lat' dir='ltr'><strong>surgere</strong></span> <span class='ocrx_word' id='word_1_148' title='bbox 935 1938 1066 1996; x_wconf 76' lang='lat' dir='ltr'><strong>messes:</strong></span> 
     </span>
    </p>

    <p class='ocr_par' dir='ltr' id='par_1_21' title="bbox 249 2013 1024 2090">
     <span class='ocr_line' id='line_1_23' title="bbox 249 2013 1024 2090; baseline 0.005 -20"><span class='ocrx_word' id='word_1_149' title='bbox 249 2013 353 2074; x_wconf 77' lang='lat' dir='ltr'><strong>l&#39;omis</strong></span> <span class='ocrx_word' id='word_1_150' title='bbox 373 2022 404 2073; x_wconf 90' lang='lat' dir='ltr'><strong>et</strong></span> <span class='ocrx_word' id='word_1_151' title='bbox 425 2013 526 2073; x_wconf 80' lang='lat' dir='ltr'><strong>intlexi</strong></span> <span class='ocrx_word' id='word_1_152' title='bbox 546 2013 674 2090; x_wconf 90' lang='lat' dir='ltr'><strong>primum</strong></span> <span class='ocrx_word' id='word_1_153' title='bbox 695 2030 788 2089; x_wconf 82' lang='lat' dir='ltr'><strong>grave</strong></span> <span class='ocrx_word' id='word_1_154' title='bbox 809 2016 899 2074; x_wconf 89' lang='lat' dir='ltr'><strong>robur</strong></span> <span class='ocrx_word' id='word_1_155' title='bbox 919 2015 1024 2087; x_wconf 85' lang='lat' dir='ltr'><strong>aratri,</strong></span> 
     </span>
    </p>

    <p class='ocr_par' dir='ltr' id='par_1_22' title="bbox 249 2090 1041 2171">
     <span class='ocr_line' id='line_1_24' title="bbox 249 2090 1041 2171; baseline 0.005 -21"><span class='ocrx_word' id='word_1_156' title='bbox 249 2094 402 2169; x_wconf 83' lang='lat' dir='ltr'><strong>Tardaque</strong></span> <span class='ocrx_word' id='word_1_157' title='bbox 422 2093 577 2152; x_wconf 87' lang='lat' dir='ltr'><strong>Eleusinae</strong></span> <span class='ocrx_word' id='word_1_158' title='bbox 598 2090 704 2152; x_wconf 88' lang='lat' dir='ltr'><strong>matris</strong></span> <span class='ocrx_word' id='word_1_159' title='bbox 725 2093 875 2154; x_wconf 82' lang='lat' dir='ltr'><strong>volventia</strong></span> <span class='ocrx_word' id='word_1_160' title='bbox 896 2095 1041 2171; x_wconf 86' lang='lat' dir='ltr'><strong>plaustra.</strong></span> 
     </span>
    </p>

    <p class='ocr_par' dir='ltr' id='par_1_23' title="bbox 248 2171 1102 2252">
     <span class='ocr_line' id='line_1_25' title="bbox 248 2171 1102 2252; baseline 0.006 -24"><span class='ocrx_word' id='word_1_161' title='bbox 248 2172 438 2248; x_wconf 80' lang='lat' dir='ltr'><strong>l&#39;ribnlaque,</strong></span> <span class='ocrx_word' id='word_1_162' title='bbox 463 2173 652 2248; x_wconf 87' lang='lat' dir='ltr'><strong>traheaeque,</strong></span> <span class='ocrx_word' id='word_1_163' title='bbox 672 2178 702 2231; x_wconf 94' lang='lat' dir='ltr'><strong>et</strong></span> <span class='ocrx_word' id='word_1_164' title='bbox 723 2171 821 2248; x_wconf 91' lang='lat' dir='ltr'><strong>iniquo</strong></span> <span class='ocrx_word' id='word_1_165' title='bbox 842 2176 967 2250; x_wconf 89' lang='lat' dir='ltr'><strong>pondere</strong></span> <span class='ocrx_word' id='word_1_166' title='bbox 988 2173 1102 2252; x_wconf 87' lang='lat' dir='ltr'><strong>rastri;</strong></span> 
     </span>
    </p>

    <p class='ocr_par' dir='ltr' id='par_1_24' title="bbox 248 2250 1163 2329">
     <span class='ocr_line' id='line_1_26' title="bbox 248 2250 1163 2329; baseline 0.004 -21"><span class='ocrx_word' id='word_1_167' title='bbox 248 2251 360 2325; x_wconf 87' lang='lat' dir='ltr'><strong>Virgea</strong></span> <span class='ocrx_word' id='word_1_168' title='bbox 381 2259 534 2328; x_wconf 89' lang='lat' dir='ltr'><strong>praeterea</strong></span> <span class='ocrx_word' id='word_1_169' title='bbox 554 2251 635 2310; x_wconf 88' lang='lat' dir='ltr'><strong>Celei</strong></span> <span class='ocrx_word' id='word_1_170' title='bbox 655 2250 780 2329; x_wconf 80' lang='lat' dir='ltr'><strong>vilisque</strong></span> <span class='ocrx_word' id='word_1_171' title='bbox 801 2253 945 2329; x_wconf 87' lang='lat' dir='ltr'><strong>supellex,</strong></span> <span class='ocrx_word' id='word_1_172' title='bbox 1004 2279 1007 2286; x_wconf 95' lang='lat'>·</span> <span class='ocrx_word' id='word_1_173' title='bbox 1122 2253 1163 2297; x_wconf 79' lang='lat'><strong>¹⁰⁵</strong></span> 
     </span>
    </p>

    <p class='ocr_par' dir='ltr' id='par_1_25' title="bbox 247 2328 971 2407">
     <span class='ocr_line' id='line_1_27' title="bbox 247 2328 971 2407; baseline 0 -18"><span class='ocrx_word' id='word_1_174' title='bbox 247 2332 395 2389; x_wconf 85' lang='lat' dir='ltr'><strong>Arbuteae</strong></span> <span class='ocrx_word' id='word_1_175' title='bbox 416 2337 514 2390; x_wconf 88' lang='lat' dir='ltr'><strong>crates</strong></span> <span class='ocrx_word' id='word_1_176' title='bbox 534 2338 565 2390; x_wconf 93' lang='lat' dir='ltr'><strong>et</strong></span> <span class='ocrx_word' id='word_1_177' title='bbox 586 2328 714 2407; x_wconf 81' lang='lat' dir='ltr'><strong>mystica</strong></span> <span class='ocrx_word' id='word_1_178' title='bbox 733 2348 845 2390; x_wconf 85' lang='lat' dir='ltr'><strong>vannus</strong></span> <span class='ocrx_word' id='word_1_179' title='bbox 865 2331 971 2392; x_wconf 89' lang='lat' dir='ltr'><strong>Iacchi.</strong></span> 
     </span>
    </p>

    <p class='ocr_par' dir='ltr' id='par_1_26' title="bbox 247 2409 1078 2490">
     <span class='ocr_line' id='line_1_28' title="bbox 247 2409 1078 2490; baseline 0.007 -23"><span class='ocrx_word' id='word_1_180' title='bbox 247 2409 351 2469; x_wconf 91' lang='lat' dir='ltr'><strong>Omnia</strong></span> <span class='ocrx_word' id='word_1_181' title='bbox 371 2429 443 2487; x_wconf 91' lang='lat' dir='ltr'><strong>qnae</strong></span> <span class='ocrx_word' id='word_1_182' title='bbox 464 2411 560 2470; x_wconf 92' lang='lat' dir='ltr'><strong>multo</strong></span> <span class='ocrx_word' id='word_1_183' title='bbox 580 2418 648 2470; x_wconf 92' lang='lat' dir='ltr'><strong>ante</strong></span> <span class='ocrx_word' id='word_1_184' title='bbox 668 2427 782 2469; x_wconf 89' lang='lat' dir='ltr'><strong>memor</strong></span> <span class='ocrx_word' id='word_1_185' title='bbox 803 2410 922 2486; x_wconf 92' lang='lat' dir='ltr'><strong>provisa</strong></span> <span class='ocrx_word' id='word_1_186' title='bbox 943 2428 1078 2490; x_wconf 75' lang='lat' dir='ltr'><strong>reponeS,</strong></span> 
     </span>
    </p>

    <p class='ocr_par' dir='ltr' id='par_1_27' title="bbox 246 2488 897 2565">
     <span class='ocr_line' id='line_1_29' title="bbox 246 2488 897 2565; baseline 0.005 -19"><span class='ocrx_word' id='word_1_187' title='bbox 246 2488 279 2546; x_wconf 93' lang='lat' dir='ltr'><strong>Si</strong></span> <span class='ocrx_word' id='word_1_188' title='bbox 299 2496 330 2548; x_wconf 90' lang='lat' dir='ltr'><strong>te</strong></span> <span class='ocrx_word' id='word_1_189' title='bbox 351 2490 438 2565; x_wconf 88' lang='lat' dir='ltr'><strong>digna</strong></span> <span class='ocrx_word' id='word_1_190' title='bbox 459 2495 557 2548; x_wconf 91' lang='lat' dir='ltr'><strong>manet</strong></span> <span class='ocrx_word' id='word_1_191' title='bbox 578 2488 669 2548; x_wconf 89' lang='lat' dir='ltr'><strong>divini</strong></span> <span class='ocrx_word' id='word_1_192' title='bbox 690 2488 786 2565; x_wconf 90' lang='lat' dir='ltr'><strong>gloria</strong></span> <span class='ocrx_word' id='word_1_193' title='bbox 806 2489 897 2549; x_wconf 89' lang='lat' dir='ltr'><strong>ruris.</strong></span> 
     </span>
    </p>

    <p class='ocr_par' dir='ltr' id='par_1_28' title="bbox 246 2567 975 2644">
     <span class='ocr_line' id='line_1_30' title="bbox 246 2567 975 2644; baseline 0.003 -18"><span class='ocrx_word' id='word_1_194' title='bbox 246 2567 388 2629; x_wconf 89' lang='lat' dir='ltr'><strong>Continuo</strong></span> <span class='ocrx_word' id='word_1_195' title='bbox 407 2568 438 2627; x_wconf 92' lang='lat' dir='ltr'><strong>in</strong></span> <span class='ocrx_word' id='word_1_196' title='bbox 458 2568 543 2628; x_wconf 86' lang='lat' dir='ltr'><strong>silvis</strong></span> <span class='ocrx_word' id='word_1_197' title='bbox 564 2585 669 2644; x_wconf 89' lang='lat' dir='ltr'><strong>magna</strong></span> <span class='ocrx_word' id='word_1_198' title='bbox 689 2567 720 2628; x_wconf 87' lang='lat' dir='ltr'><strong>vi</strong></span> <span class='ocrx_word' id='word_1_199' title='bbox 742 2569 819 2628; x_wconf 85' lang='lat' dir='ltr'><strong>fiexa</strong></span> <span class='ocrx_word' id='word_1_200' title='bbox 839 2570 975 2628; x_wconf 90' lang='lat' dir='ltr'><strong>domatur</strong></span> 
     </span>
    </p>

    <p class='ocr_par' dir='ltr' id='par_1_29' title="bbox 245 2646 1161 2725">
     <span class='ocr_line' id='line_1_31' title="bbox 245 2646 1161 2725; baseline 0.003 -20"><span class='ocrx_word' id='word_1_201' title='bbox 245 2646 278 2705; x_wconf 93' lang='lat' dir='ltr'><strong>ln</strong></span> <span class='ocrx_word' id='word_1_202' title='bbox 298 2646 395 2706; x_wconf 90' lang='lat' dir='ltr'><strong>burim</strong></span> <span class='ocrx_word' id='word_1_203' title='bbox 415 2654 447 2707; x_wconf 92' lang='lat' dir='ltr'><strong>et</strong></span> <span class='ocrx_word' id='word_1_204' title='bbox 467 2647 552 2707; x_wconf 85' lang='lat' dir='ltr'><strong>curvi</strong></span> <span class='ocrx_word' id='word_1_205' title='bbox 572 2647 696 2707; x_wconf 83' lang='lat' dir='ltr'><strong>formam</strong></span> <span class='ocrx_word' id='word_1_206' title='bbox 715 2647 822 2725; x_wconf 88' lang='lat' dir='ltr'><strong>accipit</strong></span> <span class='ocrx_word' id='word_1_207' title='bbox 842 2648 938 2707; x_wconf 91' lang='lat' dir='ltr'><strong>ulmus</strong></span> <span class='ocrx_word' id='word_1_208' title='bbox 959 2647 1054 2709; x_wconf 89' lang='lat' dir='ltr'><strong>aratri</strong></span> <span class='ocrx_word' id='word_1_209' title='bbox 1121 2648 1161 2695; x_wconf 83' lang='lat'><strong>¹⁷⁰</strong></span> 
     </span>
    </p>

    <p class='ocr_par' dir='ltr' id='par_1_30' title="bbox 245 2725 1013 2804">
     <span class='ocr_line' id='line_1_32' title="bbox 245 2725 1013 2804; baseline 0.003 -20"><span class='ocrx_word' id='word_1_210' title='bbox 245 2725 320 2785; x_wconf 89' lang='lat' dir='ltr'><strong>Huic</strong></span> <span class='ocrx_word' id='word_1_211' title='bbox 339 2744 356 2784; x_wconf 90' lang='lat' dir='ltr'><strong>a</strong></span> <span class='ocrx_word' id='word_1_212' title='bbox 378 2726 472 2803; x_wconf 86' lang='lat' dir='ltr'><strong>stirpe</strong></span> <span class='ocrx_word' id='word_1_213' title='bbox 492 2728 579 2804; x_wconf 88' lang='lat' dir='ltr'><strong>podes</strong></span> <span class='ocrx_word' id='word_1_214' title='bbox 599 2733 679 2787; x_wconf 91' lang='lat' dir='ltr'><strong>temo</strong></span> <span class='ocrx_word' id='word_1_215' title='bbox 699 2733 854 2803; x_wconf 88' lang='lat' dir='ltr'><strong>protentus</strong></span> <span class='ocrx_word' id='word_1_216' title='bbox 875 2726 904 2785; x_wconf 92' lang='lat' dir='ltr'><strong>in</strong></span> <span class='ocrx_word' id='word_1_217' title='bbox 925 2735 1013 2804; x_wconf 83' lang='lat' dir='ltr'><strong>octo;</strong></span> 
     </span>
    </p>

    <p class='ocr_par' dir='ltr' id='par_1_31' title="bbox 246 2804 1008 2883">
     <span class='ocr_line' id='line_1_33' title="bbox 246 2804 1008 2883; baseline 0 -19"><span class='ocrx_word' id='word_1_218' title='bbox 246 2804 335 2864; x_wconf 88' lang='lat' dir='ltr'><strong>Binae</strong></span> <span class='ocrx_word' id='word_1_219' title='bbox 355 2823 453 2876; x_wconf 89' lang='lat' dir='ltr'><strong>aures,</strong></span> <span class='ocrx_word' id='word_1_220' title='bbox 474 2805 583 2883; x_wconf 91' lang='lat' dir='ltr'><strong>duplici</strong></span> <span class='ocrx_word' id='word_1_221' title='bbox 603 2813 742 2881; x_wconf 90' lang='lat' dir='ltr'><strong>aptantur</strong></span> <span class='ocrx_word' id='word_1_222' title='bbox 763 2805 891 2866; x_wconf 90' lang='lat' dir='ltr'><strong>dentalia</strong></span> <span class='ocrx_word' id='word_1_223' title='bbox 911 2806 1008 2866; x_wconf 90' lang='lat' dir='ltr'><strong>dorso.</strong></span> 
     </span>
    </p>

    <p class='ocr_par' dir='ltr' id='par_1_32' title="bbox 245 2883 1054 2963">
     <span class='ocr_line' id='line_1_34' title="bbox 245 2883 1054 2963; baseline 0.006 -20"><span class='ocrx_word' id='word_1_224' title='bbox 245 2883 386 2944; x_wconf 89' lang='lat' dir='ltr'><strong>Caeditur</strong></span> <span class='ocrx_word' id='word_1_225' title='bbox 406 2892 437 2945; x_wconf 90' lang='lat' dir='ltr'><strong>et</strong></span> <span class='ocrx_word' id='word_1_226' title='bbox 460 2885 522 2945; x_wconf 87' lang='lat' dir='ltr'><strong>tilia</strong></span> <span class='ocrx_word' id='word_1_227' title='bbox 543 2893 612 2944; x_wconf 91' lang='lat' dir='ltr'><strong>ante</strong></span> <span class='ocrx_word' id='word_1_228' title='bbox 633 2884 702 2961; x_wconf 90' lang='lat' dir='ltr'><strong>iugo</strong></span> <span class='ocrx_word' id='word_1_229' title='bbox 722 2885 809 2957; x_wconf 87' lang='lat' dir='ltr'><strong>levis,</strong></span> <span class='ocrx_word' id='word_1_230' title='bbox 831 2885 949 2963; x_wconf 88' lang='lat' dir='ltr'><strong>altaque</strong></span> <span class='ocrx_word' id='word_1_231' title='bbox 969 2885 1054 2962; x_wconf 84' lang='lat' dir='ltr'><strong>tagus</strong></span> 
     </span>
    </p>

    <p class='ocr_par' dir='ltr' id='par_1_33' title="bbox 245 2963 995 3043">
     <span class='ocr_line' id='line_1_35' title="bbox 245 2963 995 3043; baseline 0.007 -23"><span class='ocrx_word' id='word_1_232' title='bbox 245 2963 360 3031; x_wconf 86' lang='lat' dir='ltr'><strong>Stivae,</strong></span> <span class='ocrx_word' id='word_1_233' title='bbox 380 2982 452 3039; x_wconf 91' lang='lat' dir='ltr'><strong>quae</strong></span> <span class='ocrx_word' id='word_1_234' title='bbox 473 2982 577 3023; x_wconf 88' lang='lat' dir='ltr'><strong>curros</strong></span> <span class='ocrx_word' id='word_1_235' title='bbox 597 2982 614 3022; x_wconf 88' lang='lat' dir='ltr'><strong>a</strong></span> <span class='ocrx_word' id='word_1_236' title='bbox 635 2973 723 3040; x_wconf 85' lang='lat' dir='ltr'><strong>tergo</strong></span> <span class='ocrx_word' id='word_1_237' title='bbox 740 2971 877 3042; x_wconf 89' lang='lat' dir='ltr'><strong>torqueat</strong></span> <span class='ocrx_word' id='word_1_238' title='bbox 898 2965 995 3043; x_wconf 74' lang='lat' dir='ltr'><strong>i&#39;nos3</strong></span> 
     </span>
    </p>

    <p class='ocr_par' dir='ltr' id='par_1_34' title="bbox 210 3042 1159 3201">
     <span class='ocr_line' id='line_1_36' title="bbox 246 3042 1159 3120; baseline 0.009 -22"><span class='ocrx_word' id='word_1_239' title='bbox 246 3042 284 3099; x_wconf 84' lang='lat' dir='ltr'><strong>Et</strong></span> <span class='ocrx_word' id='word_1_240' title='bbox 306 3059 442 3118; x_wconf 90' lang='lat' dir='ltr'><strong>suspensa</strong></span> <span class='ocrx_word' id='word_1_241' title='bbox 462 3042 533 3102; x_wconf 85' lang='lat' dir='ltr'><strong>focis</strong></span> <span class='ocrx_word' id='word_1_242' title='bbox 554 3044 691 3120; x_wconf 87' lang='lat' dir='ltr'><strong>explorat</strong></span> <span class='ocrx_word' id='word_1_243' title='bbox 711 3045 817 3103; x_wconf 90' lang='lat' dir='ltr'><strong>robora</strong></span> <span class='ocrx_word' id='word_1_244' title='bbox 838 3044 945 3104; x_wconf 73' lang='lat' dir='ltr'><strong>summ.</strong></span> <span class='ocrx_word' id='word_1_245' title='bbox 1120 3045 1159 3090; x_wconf 82' lang='lat'><strong>¹⁰⁰</strong></span> 
     </span>
     <span class='ocr_line' id='line_1_37' title="bbox 210 3119 998 3201; baseline 0.004 -21"><span class='ocrx_word' id='word_1_246' title='bbox 210 3119 329 3180; x_wconf 87' lang='lat' dir='ltr'><strong>Possum</strong></span> <span class='ocrx_word' id='word_1_247' title='bbox 351 3121 445 3181; x_wconf 89' lang='lat' dir='ltr'><strong>multa</strong></span> <span class='ocrx_word' id='word_1_248' title='bbox 464 3120 518 3181; x_wconf 90' lang='lat' dir='ltr'><strong>tibi</strong></span> <span class='ocrx_word' id='word_1_249' title='bbox 539 3128 675 3181; x_wconf 86' lang='lat' dir='ltr'><strong>veterum</strong></span> <span class='ocrx_word' id='word_1_250' title='bbox 695 3130 852 3201; x_wconf 89' lang='lat' dir='ltr'><strong>praecepta</strong></span> <span class='ocrx_word' id='word_1_251' title='bbox 872 3123 998 3193; x_wconf 76' lang='lat' dir='ltr'><strong>referre,</strong></span> 
     </span>
    </p>

    <p class='ocr_par' dir='ltr' id='par_1_35' title="bbox 244 3198 1024 3278">
     <span class='ocr_line' id='line_1_38' title="bbox 244 3198 1024 3278; baseline 0.006 -19"><span class='ocrx_word' id='word_1_252' title='bbox 244 3199 283 3259; x_wconf 90' lang='lat' dir='ltr'><strong>Ni</strong></span> <span class='ocrx_word' id='word_1_253' title='bbox 305 3198 428 3276; x_wconf 77' lang='lat' dir='ltr'><strong>refugia,</strong></span> <span class='ocrx_word' id='word_1_254' title='bbox 450 3207 608 3277; x_wconf 90' lang='lat' dir='ltr'><strong>tenuesque</strong></span> <span class='ocrx_word' id='word_1_255' title='bbox 629 3200 710 3276; x_wconf 86' lang='lat' dir='ltr'><strong>piget</strong></span> <span class='ocrx_word' id='word_1_256' title='bbox 731 3219 906 3278; x_wconf 87' lang='lat' dir='ltr'><strong>cognoscere</strong></span> <span class='ocrx_word' id='word_1_257' title='bbox 926 3220 1024 3268; x_wconf 89' lang='lat' dir='ltr'><strong>ouras.</strong></span> 
     </span>
    </p>

    <p class='ocr_par' dir='ltr' id='par_1_36' title="bbox 244 3277 1000 3359">
     <span class='ocr_line' id='line_1_39' title="bbox 244 3277 1000 3359; baseline 0.004 -22"><span class='ocrx_word' id='word_1_258' title='bbox 244 3280 323 3337; x_wconf 84' lang='lat' dir='ltr'><strong>Area</strong></span> <span class='ocrx_word' id='word_1_259' title='bbox 343 3296 410 3338; x_wconf 88' lang='lat' dir='ltr'><strong>cnm</strong></span> <span class='ocrx_word' id='word_1_260' title='bbox 429 3277 533 3356; x_wconf 85' lang='lat' dir='ltr'><strong>primis</strong></span> <span class='ocrx_word' id='word_1_261' title='bbox 552 3279 665 3355; x_wconf 86' lang='lat' dir='ltr'><strong>ingenti</strong></span> <span class='ocrx_word' id='word_1_262' title='bbox 685 3281 831 3358; x_wconf 90' lang='lat' dir='ltr'><strong>aequanda</strong></span> <span class='ocrx_word' id='word_1_263' title='bbox 851 3280 1000 3359; x_wconf 83' lang='lat' dir='ltr'><strong>cylindro,</strong></span> 
     </span>
    </p>

    <p class='ocr_par' dir='ltr' id='par_1_37' title="bbox 244 3358 1002 3436">
     <span class='ocr_line' id='line_1_40' title="bbox 244 3358 1002 3436; baseline 0.005 -20"><span class='ocrx_word' id='word_1_264' title='bbox 244 3358 284 3417; x_wconf 83' lang='lat' dir='ltr'><strong>Et</strong></span> <span class='ocrx_word' id='word_1_265' title='bbox 306 3359 449 3418; x_wconf 87' lang='lat' dir='ltr'><strong>vertenda</strong></span> <span class='ocrx_word' id='word_1_266' title='bbox 467 3377 552 3418; x_wconf 90' lang='lat' dir='ltr'><strong>manu</strong></span> <span class='ocrx_word' id='word_1_267' title='bbox 573 3366 604 3419; x_wconf 90' lang='lat' dir='ltr'><strong>ct</strong></span> <span class='ocrx_word' id='word_1_268' title='bbox 624 3366 707 3420; x_wconf 86' lang='lat' dir='ltr'><strong>creta</strong></span> <span class='ocrx_word' id='word_1_269' title='bbox 727 3358 876 3421; x_wconf 89' lang='lat' dir='ltr'><strong>solidanda</strong></span> <span class='ocrx_word' id='word_1_270' title='bbox 895 3361 1002 3436; x_wconf 90' lang='lat' dir='ltr'><strong>tenaci,</strong></span> 
     </span>
    </p>
   </div>
   <div class='ocr_carea' id='block_1_4' title="bbox 243 3436 1158 3523">
    <p class='ocr_par' dir='ltr' id='par_1_38' title="bbox 243 3436 1158 3523">
     <span class='ocr_line' id='line_1_41' title="bbox 243 3436 1158 3523; baseline 0.001 -23"><span class='ocrx_word' id='word_1_271' title='bbox 243 3436 289 3500; x_wconf 88' lang='lat' dir='ltr'><strong>Na</strong></span> <span class='ocrx_word' id='word_1_272' title='bbox 309 3438 430 3503; x_wconf 83' lang='lat' dir='ltr'><strong>subeant</strong></span> <span class='ocrx_word' id='word_1_273' title='bbox 450 3439 571 3517; x_wconf 86' lang='lat' dir='ltr'><strong>herbae,</strong></span> <span class='ocrx_word' id='word_1_274' title='bbox 592 3456 649 3501; x_wconf 90' lang='lat' dir='ltr'><strong>neu</strong></span> <span class='ocrx_word' id='word_1_275' title='bbox 667 3439 792 3520; x_wconf 83' lang='lat' dir='ltr'><strong>pulvere</strong></span> <span class='ocrx_word' id='word_1_276' title='bbox 814 3439 892 3502; x_wconf 81' lang='lat' dir='ltr'><strong>sicta</strong></span> <span class='ocrx_word' id='word_1_277' title='bbox 913 3439 1050 3523; x_wconf 69' lang='lat' dir='ltr'><strong>fatiscatp</strong></span> <span class='ocrx_word' id='word_1_278' title='bbox 1119 3439 1158 3489; x_wconf 83' lang='lat'><strong>¹⁰⁰</strong></span> 
     </span>
    </p>
   </div>
   <div class='ocr_carea' id='block_1_5' title="bbox 0 0 1262 4178">
    <p class='ocr_par' dir='ltr' id='par_1_39' title="bbox 0 0 1262 4178">
     <span class='ocr_line' id='line_1_42' title="bbox 0 0 1262 4178; baseline 0 1"><span class='ocrx_word' id='word_1_279' title='bbox 0 0 1262 4178; x_wconf 95' lang='lat' dir='ltr'><strong> </strong></span> 
     </span>
    </p>
   </div>
  </div>
 </body>
</html>
