2514 4178
449 280 611 322 onoaoroon
630 282 719 323 arnna
738 283 780 325 ιν.
1052 268 1091 324 77

181 363 285 426 Dulcia
305 369 393 427 mella
416 386 551 445 premes:
574 387 628 427 nec
648 375 762 428 tantum
785 367 890 441 dulcia,
913 376 1052 448 quantum

181 445 223 506 Et
244 446 364 523 liquida,
386 456 417 508 et
439 450 545 508 durum
565 447 672 508 Bacchi
692 447 839 507 domitura
864 467 1010 525 saporem.

145 524 184 584 At
205 545 293 602 quum
314 527 427 586 incerta
448 527 561 599 volant,
584 527 720 602 coeloque
740 527 873 587 examina
894 530 1010 600 ludunt,
1039 541 1043 549 ·
1111 541 1114 544 ·

181 607 434 682 Contemnuntque
453 606 546 680 favos,
569 614 600 666 et
620 606 729 680 frigida
750 613 828 666 tecta
848 606 1039 684 relinquunt:

181 683 337 744 Instabiles
357 686 468 745 animos
489 685 557 744 ludo
577 685 744 762 prohibebis
763 683 851 743 inani.
1052 683 1091 728 ¹⁰⁵

180 762 245 822 Neo
264 781 387 838 magnus
407 764 563 839 prohibere
582 766 677 824 labor.
700 765 746 823 'Pu
765 765 884 838 regibus
905 764 967 823 alas

181 841 284 919 Eripe.
306 845 373 904 Nou
393 842 454 903 illis
475 843 626 921 quisquam
644 844 848 903 cunctantibus
867 843 962 902 altum

182 920 232 980 lre
250 921 322 996 iter,
343 928 395 981 aut
416 921 524 983 castris
544 922 662 983 audebit
682 921 795 982 vellere
815 921 911 997 signa.

181 998 313 1062 Invitent
332 1001 443 1061 croceis
462 1003 596 1062 halantes
617 1000 739 1063 fioribus
758 1001 852 1074 horti,

182 1080 224 1139 Et
243 1087 342 1141 custos
361 1079 460 1140 furum
479 1088 569 1158 atque
588 1081 686 1140 avium
706 1099 771 1140 cum
793 1080 868 1139 falce
888 1079 1001 1156 saligna
1051 1078 1090 1123 ¹1⁰

182 1158 409 1235 Hellespontiaci
429 1168 530 1220 servet
551 1161 647 1220 tutela
659 1159 772 1237 Priapi.

182 1238 248 1314 lpse
267 1241 406 1315 thymum
425 1238 564 1316 pinosque
583 1238 680 1299 ferens
701 1241 737 1299 dc
757 1237 903 1299 montibus
923 1238 993 1300 altis

182 1318 274 1378 'recta
293 1325 374 1378 serat
393 1318 455 1378 late
474 1319 596 1392 circum,
618 1317 666 1377 oui
685 1318 759 1378 talia
782 1336 890 1377 curae:

182 1397 248 1470 lpse
268 1397 369 1456 labore
389 1415 507 1456 manum
527 1399 600 1457 duro
620 1404 723 1457 terat:
744 1397 807 1475 ipse
826 1396 938 1458 feraces

182 1476 272 1551 Figat
293 1478 382 1536 humo
402 1477 530 1554 plantas,
551 1483 583 1536 et
604 1476 712 1536 amicos
724 1476 833 1552 irriget
853 1476 974 1538 imbres.
1051 1477 1090 1520 ¹¹⁵

144 1553 241 1630 Atque
261 1555 407 1631 equidem,
429 1562 564 1615 extremo
584 1555 614 1615 ni
634 1556 693 1616 iam
713 1557 766 1616 sub
787 1557 845 1616 fine
864 1556 996 1617 laborum

182 1635 258 1694 Vela
278 1636 408 1704 traham,
430 1643 461 1694 et
483 1634 574 1695 terris
593 1634 730 1696 festinem
751 1637 909 1696 advertere
929 1655 1058 1713 proram,

183 1714 322 1773 Forsitan
340 1722 383 1787 et,
405 1714 527 1791 pingues
547 1714 651 1775 hortos
671 1732 744 1792 quae
764 1733 834 1774 cura
853 1714 965 1774 colendi

182 1793 321 1867 Ornaret,
343 1811 489 1867 canerem,
511 1792 654 1873 biferique
674 1795 787 1853 rosaria
808 1795 929 1854 Paesti:

181 1873 300 1949 Quoque
320 1874 406 1933 modo
426 1874 505 1950 potis
525 1875 688 1948 gauderent
712 1873 813 1933 intuba
832 1873 929 1934 rivis:
1053 1871 1090 1913 ¹²⁰

182 1953 223 2012 Et
243 1950 354 2012 virides
374 1951 438 2028 apio
459 1951 552 2028 ripae,
573 1960 728 2030 tortusque
748 1971 801 2030 per
821 1955 943 2013 herbam

181 2032 336 2091 Cresceret
357 2031 387 2089 in
407 2040 544 2091 ventrem
563 2031 713 2092 cucumis:
736 2052 788 2092 neo
808 2051 874 2092 sera
894 2039 1056 2092 comantem

182 2109 364 2182 Narcissum,
386 2118 436 2171 aut
458 2110 529 2171 flexi
549 2111 704 2171 tacuissem
724 2111 822 2171 vimen
842 2113 969 2185 acanthi,

183 2189 388 2265 Pallentesque
409 2192 521 2262 ederas,
544 2198 575 2250 et
595 2197 726 2251 amantes
746 2191 982 2269 litora'myrtos.

174 2269 308 2346 Namque
328 2270 382 2328 suh
403 2268 537 2328 Oebaliae
558 2268 676 2327 memini
696 2287 743 2327 me
763 2271 896 2330 turribus
916 2269 1002 2344 arcis
1053 2267 1091 2310 ¹²5

183 2349 245 2418 Qua
265 2346 350 2423 niger
370 2349 521 2407 humectat
541 2348 681 2408 flaventia
701 2349 782 2409 culta
801 2350 952 2420 Galaesus

182 2427 340 2502 Corycium
361 2426 470 2487 vidisse
491 2444 601 2500 senem,
624 2427 671 2486 oui
691 2446 780 2504 pauca
794 2429 892 2488 relicti

181 2507 288 2581 Iugera
308 2504 389 2567 ruris
409 2513 505 2580 erant,
527 2525 580 2566 neo
600 2506 710 2566 fertilis
730 2506 783 2566 illa
802 2505 943 2579 iuvencis,

180 2585 244 2643 Nec
264 2585 362 2662 pecori
383 2593 545 2662 opportuna
565 2602 661 2662 seges
682 2603 735 2645 neo
755 2588 904 2647 commoda
922 2589 1047 2648 Baccho.

180 2664 236 2722 Hic
256 2682 357 2723 rarum
378 2665 526 2725 tamenin
547 2665 642 2725 dumis
664 2667 741 2739 olus,
763 2667 885 2743 albaque
899 2668 1010 2727 circum
1051 2666 1088 2708 ¹³⁰

180 2742 268 2817 Lilia,
291 2745 491 2821 verbenasque
509 2761 656 2821 premens,
680 2763 855 2822 vescumque
875 2764 1015 2824 papaver,

181 2823 297 2898 Regum
317 2825 459 2900 aequabat
479 2840 548 2898 opes
569 2823 671 2884 animis
692 2842 813 2901 seraque
834 2834 989 2886 revertens

180 2901 276 2960 Nocte
296 2904 414 2961 domum
433 2903 554 2978 dapibus
574 2921 687 2962 mensas
708 2905 847 2964 onerabat
867 2905 997 2964 inemtis.

181 2980 300 3039 Primus
320 2999 391 3040 vore
411 2999 509 3040 rosam
529 2988 616 3060 atque
637 2990 790 3043 auctumno
809 3001 932 3060 carpere
951 3002 1047 3062 poma,

181 3060 222 3117 Et
242 3078 330 3136 quum
352 3059 450 3120 tristis
470 3060 564 3119 hiems
585 3061 743 3122 etiamnum
763 3061 876 3137 frigore
897 3081 968 3123 saxa
1050 3059 1089 3103 ¹³⁰

181 3138 356 3214 Rumperet,
377 3145 409 3199 et
429 3139 524 3214 glacie
543 3157 646 3202 cursus
666 3140 797 3201 frenaret
817 3158 969 3220 aquarum,

181 3216 236 3275 llle
256 3234 368 3276 comam
388 3219 487 3279 mollis
507 3218 564 3278 iam
586 3220 724 3281 tondebat
744 3220 909 3298 hyacinthi,

181 3297 332 3356 Aestatem
353 3296 531 3375 increpitans
551 3314 648 3359 seram
668 3302 869 3377 zephyrosque
896 3308 1054 3362 morantes.

181 3374 263 3449 Ergo
284 3375 385 3453 apibus
405 3375 474 3436 fetis
494 3378 571 3437 idem
593 3385 680 3455 atque
700 3378 832 3440 examine
852 3380 947 3439 multo

181 3451 300 3535 Primus
321 3456 478 3532 abundare,
501 3462 531 3517 et
552 3457 715 3534 spumantia
735 3475 841 3535 cogere
862 3457 971 3540 pressis
1051 3457 1091 3524 149
