2514 4178
151 227 190 304 8'0

154 905 185 965 Si

157 2739 182 2799 si

507 254 537 310 t.
559 263 680 308 rmonu
698 252 735 309 tt.

191 349 350 413 Aetherios
370 351 492 413 dixere:
516 355 609 413 Deum
631 371 752 431 namque
772 352 818 414 ire
838 370 891 432 per
911 368 1011 414 omnes

192 430 368 508 Terrasqire,
392 438 562 510 tractusque
583 434 684 508 maris,
708 433 879 510 coelumque
902 434 1081 510 protundum.

193 508 268 568 Hinc
289 512 424 588 pecudes,
447 518 592 582 armenta,
614 511 706 587 viros,
730 530 821 589 genus
841 530 926 571 omne
947 511 1082 582 ferarum,

193 590 342 667 Quemque
362 589 418 650 sibi
439 597 540 652 tenues
560 598 726 652 nascentem
745 608 895 651 arcessere
917 590 1012 651 vitas:

193 667 314 729 Scilicet
334 669 390 728 huo
411 669 494 729 reddi
514 670 628 743 deinde,
651 690 685 730 ac
704 671 836 732 resoluta
850 669 959 729 referri
1062 665 1093 710 ²²³

193 746 318 808 Omniaz
339 766 393 809 nec
412 749 504 810 morti
523 767 587 810 esse
607 751 714 824 locum,
736 752 789 811 sed
808 747 880 810 riva
898 750 1002 809 volare

193 826 305 888 Sideris
324 827 355 887 in
374 847 539 904 numerum,
560 837 649 907 atque
669 832 732 891 alto
752 830 909 889 succedere
930 830 1022 887 coelo.

207 908 321 983 quando
340 911 439 968 sedem
459 917 614 986 angustam
635 916 811 986 servataque
830 909 921 967 mella

193 986 351 1047 'thesauris
371 987 490 1062 relincs,
512 988 595 1065 prius
615 991 723 1049 haustu
744 1004 861 1065 sparsus
882 1004 1024 1064 aquarum

193 1067 253 1127 Ora
273 1066 351 1139 love,
372 1066 522 1146 fumosque
542 1086 629 1129 manu
649 1068 807 1146 praetende
827 1084 976 1144 sequaces.
1063 1061 1096 1105 ²³¹

193 1145 244 1205 Bis
264 1146 403 1222 gravidos
423 1155 532 1222 cogunt
552 1149 652 1221 t'etus,
675 1150 732 1208 duo
752 1154 887 1222 tempora
907 1147 1022 1219 messis

192 1226 328 1301 Taygete
348 1226 436 1286 simul
456 1244 489 1285 os
510 1227 602 1287 terris
623 1226 752 1286 ostendit
773 1227 929 1284 honestum

194 1305 303 1379 Pleias,
325 1311 357 1364 et
377 1306 483 1366 Oceani
503 1313 620 1383 spretos
640 1307 712 1382 pede
731 1303 841 1381 repulit
863 1320 983 1366 amnest

192 1387 252 1446 Aut
273 1386 375 1446 eadem
394 1386 475 1446 sidus
494 1385 609 1462 fugiens
630 1386 678 1445 ubi
699 1384 792 1446 Piscis
806 1384 906 1462 aquosi
1014 1455 1018 1459 ¹

193 1464 321 1524 Tristior
342 1465 479 1525 hibernas
499 1467 581 1526 coelo
602 1466 751 1526 descendit
773 1465 802 1522 in
823 1468 926 1523 undae.
1064 1460 1099 1503 2³⁵

124 1614 127 1618 ,
194 1543 257 1603 lllis
277 1543 321 1604 ira
341 1547 460 1604 modum
480 1563 568 1623 supra
589 1553 646 1620 est,
668 1546 820 1620 laesaeque
841 1561 984 1602 venenum
1049 1564 1053 1570 ·

193 1623 339 1684 Morsibus
359 1623 514 1701 inspirant,
537 1633 567 1686 et
588 1626 699 1702 spicula
719 1640 803 1683 caeca
824 1622 993 1699 relinquunt

192 1703 317 1762 Adfixae
338 1702 432 1773 venis,
453 1704 618 1781 animasque
638 1703 668 1764 in
688 1704 809 1765 vulnere
830 1707 952 1778 ponunt.

192 1782 254 1856 Sin,
277 1785 380 1843 duram
400 1791 513 1845 metues
532 1784 670 1857 hiemem,
692 1799 850 1861 parcesque
870 1780 982 1857 futuro,

192 1863 390 1940 Contusosqne
410 1863 533 1933 animos,
554 1871 584 1924 et
606 1881 655 1923 res
675 1864 852 1921 miserabere
873 1863 1000 1921 tractas:
1076 1883 1079 1889 ·

192 1943 233 2002 At
253 1942 353 2002 suffire
372 1944 489 2019 thymo,
511 1960 650 2020 cerasque
669 1941 802 2002 recidere
820 1938 921 2000 inanes

193 2020 264 2091 Quis
284 2022 423 2083 dubitet?
444 2041 511 2081 nam
532 2041 616 2099 saepe
644 2023 726 2083 favos
746 2022 863 2094 ignotus
885 2018 983 2080 adedit

192 2100 309 2174 Stellio,
332 2109 363 2161 et
384 2101 521 2178 lucifugis
541 2109 678 2178 congesta
699 2100 805 2161 cubilia
824 2098 941 2174 blattis,

193 2181 388 2258 lmmunisque
408 2183 509 2241 sedens
530 2183 625 2241 aliena
644 2183 681 2241 ad
702 2181 805 2257 pabula
825 2179 920 2252 lucus,
1088 2254 1098 2265 .

192 2264 252 2320 Aut
272 2277 358 2338 asper
379 2263 483 2321 crabro
503 2261 663 2339 imparibus
682 2278 714 2321 se
734 2256 1019 2334 i'mmiscnit'armis3
1060 2253 1101 2297 ²⁴²

191 2343 252 2401 Aut
274 2340 371 2400 dirum
391 2341 487 2401 tineae
507 2359 619 2418 genus,
642 2348 691 2400 aut
713 2339 808 2399 invisa
828 2338 983 2398 Minervae

192 2421 288 2481 Laxos
308 2419 338 2479 in
358 2421 469 2481 foribus
490 2420 640 2498 suspendit
661 2436 764 2479 aranea
785 2434 892 2478 casses·

192 2500 254 2569 Quo
275 2499 369 2575 magis
389 2503 548 2560 exhaustae
568 2498 690 2569 inerint,
714 2500 767 2557 hoc
788 2497 885 2557 aerius
906 2515 1007 2558 omnes

191 2578 360 2639 Incumbent
380 2579 497 2657 generis
516 2577 589 2658 lapsi
610 2576 720 2640 sarcire
738 2576 849 2653 ruinas,

190 2661 439 2738 Complebuntque
459 2661 549 2732 loros,
571 2667 601 2719 et
624 2658 744 2719 lloribus
765 2660 871 2717 horrca
893 2663 1009 2717 texent.
1059 2651 1100 2698 ²⁵⁰

204 2757 276 2800 vero
297 2739 444 2819 (quoniam
464 2756 547 2799 casus
567 2739 668 2816 apibus
688 2756 801 2816 quoque
821 2744 940 2798 nostros

192 2820 262 2880 Vita
282 2818 365 2901 tulit)
386 2819 469 2881 tristi
489 2820 668 2895 languebunt
688 2835 812 2894 corpora
833 2817 948 2890 morbo,

190 2901 273 2970 Quod
293 2900 352 2959 iam
372 2919 428 2959 non
448 2897 541 2959 dubiis
562 2897 672 2975 poteris
693 2913 867 2973 cognoscere
887 2895 998 2973 signis3

190 2978 331 3041 Continuo
352 2987 398 3041 est
418 2979 517 3055 aegris
536 2979 612 3039 alius
631 2978 731 3038 color:
753 2977 873 3038 horrida
894 2980 1013 3038 vultum

191 3058 342 3121 Deformat
363 3058 491 3119 macies:
514 3065 578 3117 tum
598 3075 721 3134 corpora
742 3057 806 3117 luce
827 3064 981 3118 carentum
1059 3049 1099 3093 ²50

190 3136 358 3213 Expertant
380 3138 479 3212 tectis,
500 3143 533 3198 et
553 3137 653 3198 tristia
673 3136 775 3197 funera
795 3137 925 3197 ducuntt

190 3217 252 3276 Aut
271 3215 340 3277 illae
360 3217 481 3294 pedibus
500 3234 645 3276 connexae
665 3217 700 3276 ad
721 3214 821 3276 limina
840 3218 981 3294 pendent,

190 3298 251 3357 Aut
272 3295 351 3356 intus
371 3295 478 3355 clausis
498 3306 672 3358 cunctantur
694 3297 722 3356 in
743 3297 863 3358 aedibus
884 3313 996 3373 omnes,

193 3376 373 3454 Ignavaeque
393 3376 468 3444 fame
488 3383 518 3436 et
539 3384 691 3438 contracto
712 3377 825 3454 frigore
845 3379 960 3457 pigrae.

192 3456 266 3516 'l'um
287 3473 373 3516 sonus
394 3455 512 3516 auditur
525 3457 658 3533 gravior,
675 3457 852 3536 tractimque
866 3467 1019 3519 susurrant
1040 3450 1102 3517 :2⁶⁰
