2514 4178
273 214 307 269 11
630 219 658 266 r.
682 224 802 265 vrnnnn
824 219 857 266 ll.

310 318 406 374 Aurea
426 314 501 373 mala
524 316 621 373 dcccm
644 315 707 372 misi
720 336 726 386 ς
749 333 814 371 cras
836 315 929 372 altcra
952 313 1081 372 mittam,

270 395 309 452 D.
332 396 357 452 0
378 396 502 470 quoties,
526 402 556 452 et
578 412 650 469 quae
672 394 752 451 nohis
773 394 895 453 Galatea
916 394 1012 451 locuta
1034 392 1100 452 cst!

310 474 431 532 Partem
451 473 588 548 aliquam,
611 472 704 544 venti,
726 472 833 531 Divdm
854 473 992 532 referatis
1013 475 1048 531 ad
1063 490 1160 533 aures

270 553 315 610 M.
337 553 412 623 Quid
433 553 564 630 prodest,
585 555 661 629 quod
682 570 729 611 me
748 551 810 628 ipse
830 551 926 611 animo
946 571 1001 610 non
1015 551 1140 627 spernis,

1019 632 1162 708 Amynta,
1195 656 1223 699 η

306 710 350 782 si,
373 711 441 770 dum
462 717 496 770 tu
516 710 639 771 sectaris
659 728 757 787 apros,
778 726 835 786 ego
855 710 933 769 retia
950 708 1061 768 servcl

267 790 306 848 D.
331 789 474 865 Phyllida
494 790 581 850 mitte
601 789 686 857 mihi,
707 807 790 850 meus
810 796 856 849 est
877 789 995 860 natalis,
1017 789 1101 864 lola;

306 871 400 939 Quum
422 869 525 929 faciam
545 868 640 928 vitula
661 887 715 946 pro
735 869 881 945 frugibus,
904 869 964 945 ipse
990 867 1099 927 venite.

267 948 311 1005 Μ.
336 948 478 1024 Phyllida
497 966 562 1009 amc
583 956 650 1007 ante
671 949 765 1007 alias:
788 967 853 1007 narn
874 965 920 1007 me
941 948 1090 1007 discedere
1112 948 1220 1025 flevit;

307 1029 357 1099 Et,
381 1028 512 1104 longum,
534 1028 672 1101 formose,
695 1028 772 1100 vale,
795 1028 873 1099 vale,
896 1027 1001 1101 inquit,
1017 1027 1088 1086 lola.

266 1106 303 1164 D.
328 1107 428 1167 'l'riste
450 1107 536 1184 lupus
555 1107 691 1179 stabulis,
714 1106 840 1166 maturis
858 1106 994 1180 frugibus
1015 1105 1137 1179 imbres
1194 1133 1221 1174 ω

305 1185 468 1246 Arboribus
481 1185 574 1259 venti,
597 1185 678 1246 nobis
698 1185 893 1261 Amaryllidis
913 1186 985 1245 irae.

266 1264 311 1322 M.
334 1264 426 1324 Dulce
446 1264 519 1325 satis
540 1266 657 1338 humor,
681 1265 809 1342 depulsis
829 1266 952 1324 arbutus
972 1263 1085 1339 haedis,

303 1345 398 1404 Lenta
417 1344 494 1405 salix
514 1344 575 1404 icto
596 1344 705 1421 pecori,
728 1343 800 1402 mihi
821 1344 900 1404 solus
920 1345 1077 1419 Amyntas,

265 1419 303 1481 D.
326 1423 422 1484 Pollio
442 1432 521 1484 amat
542 1431 686 1492 nostram,
707 1422 841 1500 quamvis
860 1429 907 1484 cst
929 1422 1049 1497 rustica,
1079 1423 1217 1485 Musam:

305 1502 448 1576 Pierides,
470 1503 595 1562 vitulam
617 1503 721 1563 lectori
742 1501 852 1579 pascite
874 1508 985 1563 vestro.
1192 1530 1218 1572 35

266 1581 312 1640 M.
336 1580 429 1642 Pollio
450 1589 481 1642 et
502 1582 563 1659 ipse
585 1582 653 1643 l'acit
675 1601 751 1642 nova
770 1581 920 1642 carmina:
943 1581 1052 1658 pascite
1076 1589 1215 1658 taurum,

304 1663 364 1719 lam
384 1680 474 1723 cornu
495 1668 588 1737 petat,
612 1669 642 1722 et
662 1661 784 1739 pedibus
805 1661 854 1740 qui
873 1668 994 1738 spargat
1013 1679 1145 1720 arenam.

265 1741 302 1798 D.
326 1740 381 1811 Qui
402 1748 444 1814 te,
467 1741 576 1813 Pellio,
599 1749 689 1813 amat,
712 1739 823 1814 veniat,
845 1760 901 1818 quc
916 1746 947 1800 le
961 1758 1072 1818 queque
1087 1745 1214 1816 gaudet:

290 1821 393 1878 'Mella
414 1821 506 1880 fiuant
526 1820 583 1894 illi,
605 1820 683 1881 ierat
704 1828 734 1879 et
762 1823 852 1880 rubus
872 1837 958 1898 asper
978 1838 1135 1880 amomum.

265 1898 308 1955 M.
332 1899 387 1970 Qui
408 1899 532 1958 Bavium
545 1918 601 1959 non
615 1900 689 1974 odit,
704 1907 784 1958 amet
800 1907 851 1959 tua
871 1897 1011 1970 carmina,
1034 1899 1153 1976 Maevi3
1190 1926 1216 1968 ω

302 1983 398 2055 Atque
418 1978 497 2038 idem
516 1977 618 2055 iungat
640 1981 744 2056 vulpes
764 1986 794 2039 et
815 1979 947 2053 mulgeat
968 1978 1076 2038 hircos.

265 2058 301 2114 D.
325 2057 381 2128 Qui
402 2057 503 2134 legitis
524 2060 612 2118 liores
633 2066 663 2118 et
685 2057 766 2118 humi
788 2058 932 2121 nascentia
954 2058 1048 2132 fraga,

306 2137 453 2213 Frigidus,
477 2156 493 2196 ο
514 2136 609 2215 pueri,
624 2138 719 2214 fugite
741 2138 818 2209 hinc,
842 2139 917 2196 latet
937 2138 1039 2212 anguis
1060 2137 1089 2196 in
1111 2140 1212 2198 herlu.

264 2216 307 2272 M.
332 2217 463 2293 Parcite,
484 2235 566 2291 oves,
587 2217 708 2276 nimium
729 2219 905 2294 precedere;
926 2235 982 2275 non
1002 2218 1074 2276 hene
1094 2218 1175 2295 ripae

302 2295 461 2373 Creditur3
483 2296 545 2373 ipse
566 2297 643 2356 aries
664 2298 752 2357 etiam
770 2315 844 2355 nunc
860 2297 970 2355 vellera
992 2297 1092 2357 siccat.
1188 2322 1214 2364 cs

264 2375 299 2432 D.
324 2374 442 2452 Pytha,
464 2383 615 2453 pascentes
633 2394 650 2435 a
672 2376 791 2436 flumine
811 2376 888 2436 reice
908 2376 1046 2453 capellas,

301 2455 376 2531 lpse,
399 2455 447 2514 ubi
468 2463 583 2534 tempus
603 2457 674 2530 erit,
696 2475 795 2517 omnes
815 2455 843 2515 in
865 2455 944 2514 sonte
966 2456 1079 2515 lavabo.

263 2534 306 2591 M.
329 2533 433 2610 Cogite
454 2553 535 2609 oves,
557 2537 641 2613 pueri
653 2559 661 2613 ;
683 2536 709 2597 si
730 2537 774 2594 lac
794 2535 977 2614 praeceperit
997 2543 1107 2610 aestus,

300 2613 341 2673 Vt
362 2632 467 2691 nuper,
488 2613 601 2676 frustra
621 2615 817 2693 pressabimus
837 2616 926 2674 ubera
946 2614 1062 2692 palmis.

262 2692 299 2752 D.
321 2693 398 2768 Heu,
421 2695 489 2768 heu,
512 2713 598 2772 quam
618 2695 719 2772 pingui
740 2712 837 2754 macer
858 2701 903 2754 est
925 2693 997 2753 mihi
1013 2701 1122 2852 (taurus
1144 2696 1171 2754 in

1027 2790 1116 2833 arvo.
1174 2800 1212 2842 100

296 2851 378 2913 Idem
397 2871 480 2914 amor
500 2853 625 2915 exitium
645 2855 741 2933 pecori
762 2852 932 2934 pecorisque
953 2855 1108 2928 magistro.

260 2931 304 2989 M.
327 2931 381 2992 His
401 2939 483 2993 certe
496 2952 589 3011 neque
599 2953 681 2994 amor
695 2953 779 2994 causa
793 2941 839 2994 est
853 2954 859 2992 :
883 2933 934 2993 vix
948 2932 1060 2993 ossibus
1074 2934 1208 2995 haerent.

296 3010 402 3072 Nescio
422 3013 486 3089 quis
506 3021 623 3074 teneros
643 3014 743 3074 oculus
763 3012 836 3073 mihi
856 3012 977 3074 fascinat
996 3029 1095 3088 agnos.

261 3090 297 3148 D.
321 3090 385 3167 Dic,
408 3091 512 3168 quibus
532 3093 561 3152 in
576 3093 679 3167 terris
701 3103 731 3155 et
752 3094 812 3153 eris
833 3092 906 3151 mihi
925 3109 1047 3167 magnus
1069 3095 1188 3169 Apelle,

296 3171 371 3230 Tres
392 3178 490 3247 pateat
510 3172 585 3233 coeli
605 3173 731 3250 spatium
751 3191 807 3232 uon
827 3171 951 3249 amplius
971 3171 1064 3232 ulnae.
1172 3197 1210 3240 ωε,

259 3250 303 3306 Μ.
327 3251 390 3323 Dic,
412 3251 515 3329 quibus
534 3251 564 3311 in
585 3253 676 3313 terris
696 3250 829 3328 inscripti
850 3251 964 3311 nomina
984 3268 1087 3327 regum

296 3330 463 3391 Nascantur
484 3332 593 3408 sscres3
616 3340 647 3392 ct
668 3332 810 3410 Phyllida
829 3333 909 3392 solus
929 3331 1047 3391 habeto.

260 3410 293 3470 P.
316 3409 382 3472 Non
403 3410 536 3471 nostrum
557 3413 709 3475 intervos
730 3419 828 3474 tantas
847 3428 1018 3491 componere
1038 3410 1126 3492 lites3

573 3566 589 3572 ..
604 3564 642 3576 νυν
650 3565 759 3591 φιτ-...μη
771 3569 820 3582 .,..,.
829 3571 904 3585 ..μη-’1
