2514 4178
1029 259 1049 319 5

10 376 12 381 ·
96 354 137 422 ob
159 353 335 424 absentem
361 359 462 442 atque
489 356 667 427 infidelem
699 361 869 448 puellam,
898 367 958 430 aut
981 362 1048 431 duo

96 462 247 543 pastores
262 464 365 527 cantu
390 460 481 529 inter
504 481 541 529 se
565 469 750 544 certantes,
775 469 877 551 atque
897 467 1048 535 alternos

96 581 212 632 versus
228 564 421 633 tundentes.
437 565 540 633 Stilus
556 567 670 636 tenuis
687 574 752 650 est,
766 569 877 655 qualis
890 570 1047 657 eclogam

95 665 210 755 decet3
236 669 391 738 ornatior
413 674 584 754 tamen,et
609 673 790 761 comptior,
816 692 920 761 quam
942 674 981 744 in
996 676 1047 744 si-

93 774 168 841 culo
193 781 304 861 poeta.

133 879 274 964 Insigne
298 879 391 947 illius
414 884 562 966 poe'seos
587 878 712 961 dcem,
738 899 839 967 quam
868 884 1044 972 prccantum

92 984 210 1054 Graeci
227 991 363 1066 vocant,
381 985 457 1055 tulit
474 991 571 1053 aetas
596 987 774 1070 Augustea
788 987 832 1053 P.
858 989 1046 1074 Virgilium

91 1092 296 1170 Maronem,
330 1091 388 1178 qui
420 1091 457 1158 in
490 1098 634 1176 quatuor
664 1092 917 1177 Georgicorum
948 1094 1046 1163 libris

91 1204 275 1284 praecepta
304 1196 346 1264 de
373 1196 468 1290 agris
499 1196 654 1263 colendis
686 1200 886 1283 complexus
908 1206 973 1268 est.
1005 1204 1045 1268 ln

92 1303 201 1390 primo
225 1304 298 1388 agit
323 1302 364 1372 de
389 1308 482 1373 terra
506 1301 657 1389 aranda,
682 1302 717 1379 in
742 1303 893 1372 secundo
917 1304 959 1374 de
987 1325 1044 1376 ar-

93 1409 226 1477 boribus
247 1417 284 1478 et
311 1408 441 1496 plantis
473 1409 546 1476 solo
578 1408 855 1496 committendis3
880 1409 918 1477 in
942 1410 1044 1479 tertio

93 1517 131 1583 le
153 1534 317 1600 pecorum
339 1517 456 1601 cultu3
482 1516 519 1582 in
543 1522 664 1600 quarto
689 1515 827 1582 demum
851 1515 893 1584 de
920 1517 1044 1605 apibus
1171 1507 1174 1514 ⁴

92 1626 121 1689 et
153 1619 339 1690 mellificio.
370 1620 666 1698 Quemadmodum
700 1620 844 1689 veroin
873 1622 1043 1691 Bucolicis

91 1728 263 1814 exemplar
278 1727 343 1795 sibi
360 1729 577 1795 Theocritum
601 1727 779 1815 proposuit
789 1747 798 1813 3
824 1728 871 1796 ita
888 1728 924 1797 in
941 1732 1041 1798 Geor-

34 1911 37 1918 ,
91 1832 174 1917 gicis
204 1831 337 1900 videtur
361 1832 405 1900 ad
428 1832 566 1900 Hesiodi
596 1851 683 1919 opus
711 1832 929 1920 respexisse,
954 1834 1040 1920 quod

90 1937 311 2007 inscribitur:
344 1935 446 2024 Ἔργα
477 1942 530 2003 καὶ
560 1936 692 2025 Ἡμέρα.
723 1939 900 2024 Georgica,
926 1947 961 2007 ut
983 1959 1040 2008 rc·

90 2044 180 2131 liqna
203 2043 348 2111 huiusce
371 2043 512 2128 generis
536 2049 708 2132 poemata,
734 2045 843 2112 forma
869 2044 1041 2114 dumtaxat

88 2149 283 2217 differunta
301 2149 401 2230 libro,
426 2149 462 2215 in
487 2169 554 2236 quo
577 2150 662 2217 artis
685 2158 742 2219 aut
765 2150 970 2237 disciplinae
988 2171 1041 2218 cu-

89 2255 223 2322 iuslibet
253 2261 438 2343 praecepta
465 2255 657 2323 tradantur.
686 2255 777 2323 Hinc
805 2261 943 2335 manat,
976 2255 1043 2324 duo

89 2359 290 2447 praesertim
314 2359 351 2428 in
376 2361 440 2428 hoc
472 2361 625 2431 carmine
659 2380 736 2429 esse
767 2361 969 2449 spectanda.
1001 2365 1042 2431 llt

88 2466 199 2554 primo
215 2465 351 2552 quidem
377 2473 413 2535 ut
436 2473 531 2535 certo
554 2467 702 2554 quodam
728 2468 849 2538 ordine
866 2488 923 2537 res
939 2488 1041 2555 expo·

87 2580 236 2641 nantur:
263 2571 389 2642 deinde
414 2578 449 2640 ut
473 2573 645 2654 omnibus,
671 2573 794 2660 quibus
816 2573 893 2643 fleri
917 2579 1040 2662 potest,

87 2685 223 2765 poeseos
249 2678 429 2746 veneribus
453 2684 677 2759 exornentur,
705 2699 749 2748 ne
765 2679 862 2749 arida
878 2678 1040 2748 etieiuna

87 2792 270 2871 praecepta
295 2784 445 2852 taedium
470 2788 616 2853 afferant
641 2786 838 2854 lectoribus.

129 2890 258 2967 Quibus
291 2889 430 2977 quidem
466 2890 649 2960 virtutibus
685 2891 826 2959 omnino
862 2910 1040 2960 commen·

87 2995 210 3063 dantur
233 2995 399 3081 Georgica
422 2997 643 3082 virgiliana,
670 3016 759 3085 quac
783 2999 959 3068 doctorum
986 2998 1041 3066 iu·

86 3100 187 3180 dicio,
212 3101 365 3169 omnium
389 3104 677 3191 expolitissimum
702 3109 736 3172 et
754 3103 1042 3191 perfectissimum

86 3226 170 3293 opus
193 3207 376 3288 habentur,
402 3228 526 3296 quaea
551 3212 730 3279 Mantuani
754 3214 876 3297 poetae
897 3210 1042 3296 ingenio

87 3310 155 3378 sint
176 3313 341 3398 proiecta.
359 3318 399 3382 ln
416 3315 472 3382 his
495 3315 657 3385 videlicet
682 3314 788 3384 mirus
812 3314 896 3383 ordo
915 3317 1039 3402 clucet,

88 3415 233 3485 maxima
256 3417 292 3486 in
316 3419 495 3489 tradendis
525 3421 722 3509 praeceptis
753 3419 953 3506 diligentia,
983 3421 1040 3510 pi-
