2514 4178
470 210 697 284 blechemere
1070 197 1102 271 21·

193 301 226 380 si
246 315 398 412 proprium
417 317 473 376 hoc
491 315 593 388 fuerit,
615 314 677 374 levi
697 213 783 376 dem
753 330 904 377 marmore
925 319 989 375 tota

192 397 320 464 Puniceo
339 395 433 456 stabis
451 410 536 454 suras
556 393 672 454 evineta
691 396 848 455 cothurno.

160 477 194 537 Τ.
213 476 316 538 Sinum
337 473 422 535 lactis
442 478 473 533 et
493 473 564 533 baec
585 479 616 532 te
636 471 707 547 liba,
729 470 849 549 Priape,
872 478 950 564 quot
965 470 1046 533 annis

191 557 382 632 Exspectare
393 559 439 614 sat
459 559 527 613 est:
549 557 649 612 eustos
668 568 700 612 es
720 551 857 644 pauperis
870 549 963 611 horti.

191 637 277 696 Nunc
296 642 327 695 te
341 649 540 692 marmoreum
553 647 607 709 pro
621 637 755 708 tempore
769 630 908 690 fecimus·
930 638 961 692 at
983 635 1029 703 tu,
1079 653 1104 699 ιι

191 713 224 776 Si
243 712 340 773 ietura
360 728 484 787 gregem
504 709 700 787 suppleverit,
722 727 829 770 aureus
849 716 924 768 esto

156 795 190 855 0.
210 790 321 854 Nerine
341 791 427 852 Galat
415 797 474 862 t,ea
495 788 602 864 thymo
621 788 693 847 mihi
714 788 827 848 dulcior
848 788 975 864 Hyblae,

190 870 347 933 Candidior
366 868 479 946 cycnis,
498 869 587 927 edera
606 867 763 928 formosior
782 868 859 940 alba,

190 952 324 1027 Quump
325 948 433 1008 rimum
454 947 530 1023 pasti
551 954 687 1023 repetent
707 946 857 1024 praesepia
877 946 968 1015 tauri,

190 1030 223 1092 Si
243 1047 300 1107 qua
305 968 364 1087 ptui
384 1025 548 1118 Corydonis
568 1027 657 1085 habet
678 1033 709 1084 te
729 1043 811 1099 cura,
833 1024 943 1085 venito.
1077 1049 1103 1094 ιι

159 1109 192 1170 Τ.
213 1110 307 1168 Immo
326 1124 382 1182 ego
401 1104 521 1164 Sardois
541 1104 643 1164 videar
663 1103 717 1162 tibi
737 1104 866 1164 amarior
886 1101 996 1164 herbis.

190 1185 348 1249 Horridior
366 1202 463 1255 rusco,
486 1181 616 1260 proiecta
638 1183 726 1243 vilior
746 1183 796 1259 aig
778 1201 826 1243 va.

190 1267 222 1328 si
242 1265 316 1326 mihi
336 1283 392 1323 non
412 1265 484 1322 haec
503 1263 590 1322 lunt
577 1269 640 1322 toto
661 1261 720 1321 iam
740 1262 857 1338 longior
877 1279 949 1322 anno
970 1270 1028 1324 est.

190 1346 237 1407 Ite
256 1347 375 1406 domum
396 1341 483 1419 pasti,
505 1340 529 1402 si
550 1341 615 1419 quis
635 1344 738 1418 pudor,
760 1341 816 1415 ite,
837 1340 963 1401 iuvenci.

157 1426 190 1485 0
213 1421 339 1484 Muscosi
359 1422 421 1481 font
409 1429 466 1492 tes,
488 1427 518 1479 et
540 1437 639 1480 somno
659 1420 778 1480 mollior
798 1420 901 1492 herba,
1075 1443 1102 1490 ιι

192 1505 233 1562 Ει
253 1519 326 1580 quae
344 1519 399 1562 ros
412 1517 480 1559 rara
500 1498 605 1558 viridis
624 1499 702 1575 tegit
715 1501 836 1559 arbutus
856 1500 972 1572 umbra,

192 1580 358 1643 Solstitium
379 1578 477 1658 pecori
498 1578 663 1639 defendite:
685 1579 743 1638 iam
763 1577 845 1638 venit
866 1585 963 1639 aestas

192 1659 329 1728 Torrida,
348 1659 407 1719 iam
428 1659 508 1718 laeto
528 1664 652 1750 turgent
672 1656 702 1717 in
728 1657 852 1734 palmite
875 1674 1008 1733 gemmae

159 1739 192 1799 Τ.
215 1738 271 1799 Hie
290 1739 371 1799 iocus
390 1745 422 1797 et
443 1738 546 1797 taedae
566 1738 698 1813 pingues,
722 1737 770 1796 hic
790 1735 935 1813 plurimus
955 1735 1032 1814 ignis

189 1821 325 1895 Semper,
347 1824 378 1877 et
399 1817 519 1876 adsidua
539 1823 639 1892 postes
658 1815 780 1891 iuligine
800 1816 900 1892 nigri:
1071 1809 1099 1858 ⁵⁰

189 1897 246 1958 Hic
265 1903 382 1957 tantum
403 1897 513 1954 Boreae
532 1911 669 1955 curamus
682 1895 806 1970 frigora,
828 1900 967 1973 quantum

190 1980 251 2036 Ant
271 1992 423 2036 numerum
446 1975 532 2066 lupus
551 1979 602 2035 aut
622 1975 768 2035 torrentia
786 1975 905 2034 flumina
924 1973 1015 2052 ripas

155 2055 189 2114 0.
211 2056 299 2115 Stant
319 2062 351 2114 et
371 2053 508 2193 iutniperi,
529 2058 560 2113 et
581 2060 732 2114 castaneae
751 2053 905 2130 hirsutae;

189 2133 320 2195 Strata
312 2140 408 2193 tacent
427 2132 536 2209 passim
557 2149 608 2192 sua
628 2151 758 2209 quaeque
778 2134 832 2192 snb
852 2134 958 2193 arbore
978 2151 1082 2212 poma·

188 2212 292 2274 Omnia
312 2229 387 2272 nunc
407 2211 526 2272 rident:
549 2218 581 2270 at
601 2211 627 2270 si
647 2211 792 2272 formosus
811 2211 916 2272 Alexis
1067 2212 1093 2256 ⁵⁶

188 2291 337 2352 Montibus
357 2291 405 2351 his
423 2292 522 2365 abeat,
542 2289 643 2349 videas
662 2298 694 2350 et
715 2291 835 2351 flumina
855 2291 943 2352 sicca.

155 2369 188 2431 Τ.
211 2372 288 2431 Aret
307 2387 402 2463 ager:
426 2369 500 2429 vitio
520 2368 648 2428 moriens
668 2369 692 2430 si
695 2369 734 2431 tit
753 2369 833 2429 aeris
859 2371 974 2433 herba·

187 2449 278 2510 Liber
296 2448 464 2541 pampineas
483 2447 590 2508 invidit
609 2448 733 2508 collibus
754 2450 892 2510 umbras.

187 2526 339 2605 Phyllidis
358 2530 486 2589 adventu
505 2533 624 2588 nostrae
644 2544 746 2587 nemus
765 2545 850 2588 omne
870 2525 1002 2594 virebit.

186 2606 319 2684 luppiter
335 2613 367 2667 et
386 2608 465 2667 laeto
485 2606 639 2666 descendet
659 2605 804 2700 plurimus
822 2605 923 2667 imbri.
1063 2605 1093 2652 Φ

151 2687 184 2746 0.
207 2686 338 2762 Populus
358 2685 480 2746 Alcidae
499 2683 681 2760 gratissima,
702 2684 775 2746 vitis
794 2685 909 2760 Iaccho,

186 2765 348 2825 Formosae
366 2771 487 2842 myrtus
506 2764 628 2837 Veneri,
649 2782 701 2826 sua
720 2766 821 2831 laurea
840 2766 981 2828 Phoebo.

186 2839 307 2921 Phyllis
325 2852 406 2904 amat
425 2843 565 2921 corylos·
588 2843 656 2904 illas
676 2832 745 2904 dum
766 2845 887 2921 Phyllis
906 2841 1029 2920 amabit,

186 2921 249 2981 Nec
269 2931 387 3000 myrtus
407 2923 505 2983 vincet
526 2923 657 2998 corylos
679 2941 730 2982 neo
751 2921 851 2983 laurea
872 2924 996 2985 Phoebi.

154 3003 186 3061 Τ.
209 3001 384 3063 Fraxinus
375 3020 405 3059 ιιι
425 3001 511 3061 silvis
530 3002 739 3078 pulcherrima,
761 3003 846 3078 pinus
864 3004 894 3063 in
920 3001 1090 3079 bortis,⁰⁶

187 3082 316 3158 Populus
335 3079 365 3139 in
386 3080 497 3153 fluviis,
517 3080 597 3141 abies
619 3080 650 3140 in
670 3081 817 3143 montibus
836 3082 928 3143 altis:
970 3154 973 3160 ¹

184 3158 305 3237 Saepius
324 3164 356 3219 at
376 3159 402 3220 si
422 3176 481 3231 me,
502 3159 613 3236 Lycida
632 3159 772 3235 formose,
792 3162 919 3236 revisas,

184 3237 359 3299 Fraxinus
351 3257 380 3297 ιιι
400 3237 486 3298 silvis
504 3241 589 3298 cedat
609 3238 677 3310 tibi,
698 3239 782 3316 pinus
804 3240 834 3300 in
860 3239 968 3303 hortis.

153 3318 192 3376 M.
204 3319 283 3378 Haec
291 3318 422 3390 memini,
433 3324 465 3377 et
475 3317 587 3377 vtetum
597 3317 710 3378 frustra
720 3321 894 3379 contendere
904 3319 1047 3397 Thyrsin,

187 3400 232 3460 Ex
253 3396 305 3457 illo
325 3362 463 3478 Corydon
482 3398 619 3476 Corydon
639 3403 719 3458 estt
721 3415 841 3478 empore
861 3399 953 3461 nobis.
1061 3395 1088 3443 ⁷⁰
