2514 4178
149 217 188 277 72
501 238 531 280 r.
551 237 676 280 vinoun
694 236 730 281 uu.

182 326 245 386 Nec
265 340 404 402 responsa
424 331 522 400 potest
543 325 694 386 consultus
714 324 838 384 reddere
859 328 967 385 ratcoz

182 408 227 465 Ac
247 403 300 466 vix
320 403 462 480 suppositi
485 403 640 478 tinguntur
660 403 799 480 sanguiue
813 402 917 476 cultri,

181 486 357 560 Summaque
377 481 473 543 ieiuna
493 481 573 543 sanie
592 481 755 542 infuscatur
776 500 876 543 arena.

180 563 256 623 Hinc
276 562 364 623 laetis
384 560 472 621 vituli
494 562 585 636 vulgo
608 561 776 622 moriuntur
796 561 825 620 in
848 557 960 632 herbis,

180 643 221 702 Et
242 643 341 702 dulces
361 639 472 701 animas
492 640 576 714 plena
596 641 632 699 ad
652 640 801 717 praesepia
821 641 961 700 reddunt.
1059 636 1100 682 ⁴9³

180 719 256 781 llinc
276 718 394 780 canibus
413 719 527 779 blandis
548 718 644 779 rabies
666 719 759 791 venit,
780 725 812 778 ct
833 717 930 795 quatit
952 735 1060 795 aegros

181 799 284 860 'l'ussis
304 799 407 858 anhela
428 815 505 870 sues
528 816 561 857 ac
583 797 711 858 faucibus
731 797 814 873 angit
828 798 933 858 obesis.

181 878 308 938 Labitur
327 876 441 950 infelix,
463 876 629 937 studiorum
649 883 737 952 atque
758 878 912 937 immemor
933 878 1056 949 herbae,

181 957 287 1018 Victor
308 973 411 1033 equus,
432 955 583 1033 fontesque
603 956 767 1030 avertitur,
789 963 820 1017 et
842 958 914 1033 pede
942 962 1057 1016 terram

180 1037 292 1096 Crebra
313 1034 404 1094 ferit:
428 1034 569 1096 demissae
589 1052 691 1094 aures:
713 1035 844 1095 incertus
865 1035 975 1095 ibidem
1056 1031 1099 1076 ⁵⁰⁰

181 1117 288 1184 Sudor,
302 1122 334 1174 et
354 1113 406 1174 ille
427 1113 544 1190 quidem
564 1112 719 1175 morituris
740 1113 885 1190 frigidus:
908 1119 976 1174 aret

181 1192 286 1267 Pellis,
308 1201 339 1253 et
360 1194 396 1252 ad
416 1200 529 1253 tactum
550 1193 695 1252 tractanti
717 1197 790 1254 dura
807 1191 934 1252 resistit.

180 1275 260 1333 Ilaec
280 1280 347 1332 ante
367 1271 491 1333 exitium
512 1271 616 1348 primis
637 1273 712 1334 dant
734 1273 817 1348 signa
838 1271 950 1332 dicbus.

181 1352 232 1412 Sin
253 1351 283 1411 in
304 1369 441 1428 processu
460 1349 556 1427 coepit
577 1353 750 1412 crudescerc
764 1354 894 1423 morbus,

180 1433 257 1492 'lum
271 1449 343 1491 vero
357 1432 494 1491 ardentes
506 1429 594 1498 oculi,
609 1437 697 1508 atque
710 1433 865 1491 adtractus
877 1431 914 1488 ab
925 1429 989 1490 alto
1055 1423 1098 1474 ⁵⁰⁵

180 1510 322 1586 Spiritus,
343 1509 493 1569 interdum
513 1509 626 1584 gemitu
647 1510 761 1585 gravis,
784 1509 899 1589 imaque
927 1509 1017 1584 longo

180 1589 236 1649 Ilia
256 1588 389 1666 singultu
409 1590 544 1662 tendunt,
567 1588 591 1648 it
613 1590 731 1648 naribus
751 1596 816 1648 ater
851 1609 863 1621 ·

180 1667 316 1745 Sanguis
339 1673 370 1727 et
390 1668 522 1728 obsessas
542 1667 639 1730 fauces
659 1668 767 1745 premit
789 1686 893 1744 aspera
913 1665 1036 1744 lingua:

180 1745 300 1807 Proicit
321 1746 434 1806 inserto
454 1746 558 1806 latices
578 1747 730 1806 infundere
750 1765 841 1806 cornu

179 1827 331 1887 Lenaeos:
353 1843 387 1884 ea
408 1824 471 1885 visa
492 1826 571 1886 salus
597 1827 790 1886 morientibus
810 1846 877 1886 una.
1058 1822 1097 1867 5¹⁰

179 1906 253 1966 Mox
272 1911 339 1964 erat
360 1906 414 1963 hoc
435 1903 531 1981 ipsum
552 1905 656 1978 exitio,
680 1905 822 1982 furiisque
842 1905 948 1965 refecti

180 1984 343 2056 Ardebant,
366 1982 480 2059 ipsique
500 2001 579 2052 suos,
600 1984 658 2043 iam
679 1992 775 2044 morte
796 1987 849 2044 snb
873 2002 975 2060 aegra,

179 2059 219 2124 Di
240 2060 364 2122 meliora
383 2062 451 2138 piis,
473 2079 663 2139 erroremque
684 2063 817 2124 hostibus
842 2063 948 2123 illum!

179 2140 323 2202 Discissos
343 2141 428 2201 nudis
448 2141 594 2201 laniabant
609 2144 744 2202 dentibus
757 2150 852 2203 artus.

179 2222 257 2281 Ecce
275 2227 375 2280 antem
397 2222 471 2281 duro
490 2219 604 2280 fumans
624 2225 677 2281 sub
699 2239 818 2282 vomere
839 2229 944 2281 taurus
1055 2219 1094 2264 ⁵¹⁵

179 2298 325 2373 Concidit,
346 2307 378 2360 et
399 2299 526 2359 mixtum
546 2300 656 2375 spumis
677 2301 770 2361 vomit
792 2319 843 2360 ore
863 2318 1013 2375 cruorem,

180 2379 396 2456 Extremusque
416 2378 475 2438 ciet
495 2378 634 2454 gemitus.
658 2380 686 2440 lt
708 2379 806 2441 tristis
826 2387 938 2451 arator,

180 2459 364 2519 Moerentem
384 2458 542 2534 abiungens
562 2457 696 2518 fraterna
716 2467 813 2518 morte
834 2460 1012 2518 iuvencum:

179 2540 278 2614 Atque
297 2555 385 2614 opere
406 2537 436 2596 in
456 2536 552 2596 medio
572 2537 669 2597 delixa
689 2537 829 2614 relinquit
851 2546 964 2597 aratra.

143 2629 145 2634 “
179 2616 246 2679 Non
257 2618 377 2676 umbrae
388 2618 517 2676 altorum
527 2633 691 2690 nemorum,
707 2637 761 2676 non
773 2615 872 2676 mollia
885 2625 1006 2691 possunt
1054 2613 1093 2657 ⁵²⁰

180 2696 273 2756 Prata
294 2713 413 2754 movero
434 2694 574 2768 animum,
597 2715 664 2766 non,
687 2697 736 2773 qni
757 2714 810 2772 per
832 2714 902 2755 saxa
924 2698 1046 2756 volutus

181 2774 290 2834 Purior
311 2775 423 2835 electro
444 2793 577 2851 campum
598 2774 673 2851 petit
695 2774 808 2834 amnis:
831 2783 863 2835 at
883 2774 943 2834 ima

179 2854 343 2914 Solvuntur
364 2855 470 2926 latera,
493 2861 580 2930 atque
601 2854 701 2914 oculos
721 2861 824 2930 stupor
846 2861 934 2929 urget
955 2855 1078 2929 inerteS,

179 2933 227 2992 Ad
247 2939 417 3009 terramque
438 2932 505 2992 fluit
527 2936 639 2993 devexo
661 2934 787 3009 pondere
806 2932 921 2992 cervix.

180 3011 256 3082 Quid
267 3012 360 3085 labor,
373 3019 424 3071 aut
435 3011 585 3072 benefacta
594 3011 718 3072 iuvantf
730 3011 798 3089 quid
810 3031 930 3071 vomere
942 3021 1041 3073 terras
1052 3008 1091 3053 ⁵²⁵

180 3088 342 3149 Invertisse
362 3090 487 3164 gravisi
508 3090 590 3166 atqui
610 3109 667 3149 non
687 3090 812 3152 Massica
827 3091 935 3151 Bacchi

180 3168 316 3236 Munera,
337 3187 393 3227 non
413 3168 474 3228 illis
495 3170 598 3245 epulae
620 3187 744 3229 nocuere
764 3177 922 3246 repostae:

180 3245 344 3306 Frontibus
365 3254 395 3307 et
417 3247 499 3307 victu
519 3255 678 3323 pascuntur
698 3247 840 3326 simplicis
861 3252 979 3310 herbae.

180 3325 290 3385 Pocula
311 3333 379 3385 sunt
400 3325 496 3386 fontes
517 3325 630 3404 liquidi,
653 3333 742 3404 atque
763 3328 895 3388 exercita
914 3347 1004 3390 cursu

179 3403 327 3475 Flumina,
348 3423 400 3464 nec
420 3423 536 3467 somnos
557 3404 703 3481 abrumpit
726 3425 797 3468 cura
817 3408 961 3468 salubres.
1054 3404 1092 3448 ⁵³⁰
