2514 4178
213 203 252 276 28
565 227 596 274 r.
617 222 740 274 suumn
759 227 794 274 ιι.
823 264 825 268 .

250 318 300 381 Sic
320 316 419 413 cytiso
438 323 541 397 pastae
562 319 729 380 distendant
749 320 839 379 ubera
859 333 987 379 vaccae.

249 397 359 476 Incipe,
380 398 406 458 si
425 397 495 476 quid
514 398 614 458 habes.
637 399 678 459 Et
699 415 746 457 me
765 398 862 458 iecere
882 405 999 476 poetam

251 478 409 554 Pieridcs;
431 483 500 537 sunt
519 484 552 538 et
571 476 645 537 mihi
665 476 816 538 carmina.
837 494 892 537 me
905 493 1018 554 quoque
1039 472 1141 536 dicunt

249 557 359 617 Vatem
378 562 534 633 pastores;
555 556 607 618 sed
626 574 684 616 non
703 573 760 632 ego
779 557 916 616 credulus
936 555 1010 614 illis

249 635 326 696 Nam
345 652 437 712 neque
456 635 551 696 adhuc
570 635 663 696 Vario
684 635 798 710 videor,
813 652 865 694 nec
878 635 975 694 dicere
988 632 1080 693 Cinna
1133 629 1161 674 ³⁵

249 713 356 791 Digna,
375 715 426 775 sed
445 721 570 792 argutos
588 713 668 774 inter
687 723 822 791 strepere
841 731 927 774 anser
946 714 1056 773 olores.
1146 755 1150 759 ‚

213 793 260 854 M.
270 793 305 856 Id
314 793 430 872 quidem
440 810 509 869 ago
520 800 552 854 ct
563 792 681 865 tantus
697 793 821 871 Lycida,
837 809 951 852 mecum
963 809 1027 867 ipse
1042 793 1158 867 voluto,

249 871 282 933 Si
300 872 416 933 valeam
435 872 612 946 meminisse,
634 889 726 949 neque
745 879 792 932 est
812 871 941 948 ignobile
961 888 1091 931 carmen.

251 970 271 1009 c
289 951 354 1012 Huc
366 953 445 1025 ades,
460 969 478 1011 o
492 952 632 1012 Galatea.
648 950 713 1028 quis
726 958 772 1012 est
785 969 853 1012 narn
866 950 974 1010 ludus
966 969 995 1008 ιιι
1010 951 1116 1012 undisl

250 1030 307 1090 Hic
325 1047 381 1091 ver
399 1048 591 1109 purpureum,
611 1031 711 1091 varios
729 1031 778 1090 hic
798 1031 919 1089 fiumina
938 1029 1049 1089 circum
1128 1029 1158 1073 ⁴⁰

250 1108 361 1170 Fundit
379 1111 485 1171 humus
505 1110 606 1181 flores,
628 1110 677 1169 hic
696 1108 817 1171 candida
836 1109 959 1201 populus
979 1115 1065 1169 antro

249 1187 398 1262 imminet,
419 1194 450 1248 et
470 1189 566 1249 lentae
587 1195 692 1249 texunt
712 1189 881 1249 umbracula
904 1186 994 1248 vites.

250 1267 315 1326 Huc
333 1267 528 1341 ades,1nsani
547 1268 654 1327 feriant
675 1267 737 1329 sine
757 1268 847 1328 litora
874 1267 992 1326 fluctus.
1014 1287 1034 1322 »
1111 1288 1115 1295 -

214 1345 250 1405 L.
272 1345 359 1421 Quid,
381 1363 454 1424 quae
475 1353 505 1406 te
525 1363 598 1423 pura
618 1347 713 1406 solum
732 1347 786 1407 snb
806 1353 891 1406 nocte
912 1352 1064 1411 canentem

250 1424 432 1486 Audieramt
452 1442 589 1486 numeros
607 1425 738 1519 memini,
759 1425 785 1485 si
804 1425 896 1486 verba
917 1431 1061 1485 tenerem.
1126 1421 1155 1467 ⁴⁵

214 1503 258 1562 M.
282 1504 445 1581 «Daphni,
467 1505 536 1583 quid
555 1503 689 1582 antiquos
708 1505 861 1580 signorum
881 1503 1003 1581 suspicis
1023 1503 1133 1565 ortus?

249 1583 325 1644 Eece
344 1583 464 1644 Dionaei
484 1584 627 1661 processit
648 1583 782 1644 Caesaris
801 1590 938 1643 astrum.
1138 1606 1141 1609 “

250 1664 386 1736 Astrum,
408 1680 464 1754 quo
480 1668 601 1755 segetes
621 1663 782 1736 gauderent
803 1662 949 1738 frugibus,
964 1668 996 1722 et
1017 1678 1075 1742 quo

249 1743 378 1802 Duceret
398 1740 505 1834 apricis
523 1739 554 1799 in
573 1740 697 1800 collibus
717 1759 775 1801 uva
795 1741 938 1801 colorem.

251 1821 362 1893 insere,
383 1817 508 1898 Daphni,
529 1819 628 1896 piros:
642 1826 762 1897 carpent
777 1827 829 1882 tua
842 1839 927 1896 poma
945 1827 1078 1898 nepotes.
1091 1840 1110 1875 ι
1124 1816 1154 1862 ⁶⁰

250 1897 354 1957 Omnia
365 1897 425 1958 fert
437 1904 531 1969 aetas,
546 1897 674 1958 animum
687 1917 810 1975 quoque.
826 1901 917 1976 Saepe
930 1917 986 1976 ego
999 1900 1144 1976 longos

249 1978 396 2037 Cantando
415 1994 537 2053 puerum
557 1977 675 2036 memini
688 1994 735 2036 me
748 1979 873 2038 condere
893 1979 990 2040 soles.

249 2055 334 2116 Nunc
346 2055 437 2116 oblita
450 2054 523 2115 mihi
536 2062 583 2116 tot
595 2057 735 2116 carmina.
751 2057 819 2118 Vox
831 2076 944 2136 quoque
957 2053 1073 2117 Moerin

249 2135 312 2194 Iam
331 2133 436 2210 fugit
428 2151 511 2227 ipsa.
532 2135 594 2227 lupi
616 2135 732 2195 Moerin
751 2135 853 2196 videre
873 2137 1000 2213 priores.

249 2213 307 2273 Sed
320 2219 418 2274 tamen
430 2213 489 2273 ista
502 2213 575 2273 satis
588 2214 698 2274 releret
712 2214 767 2275 tibi
780 2231 866 2292 saepe
880 2216 1041 2276 Menalcas.
1122 2210 1151 2258 ⁶⁵

212 2290 240 2351 l.
270 2293 433 2353 Caussando
451 2293 596 2352 nostros
587 2312 618 2352 ιιι
637 2294 758 2369 longum
778 2295 859 2355 ducis
885 2312 1028 2356 amorem.

249 2371 290 2432 lit
310 2389 384 2430 nunc
404 2389 488 2430 omne
502 2371 556 2432 tibi
570 2378 700 2433 stratum
713 2373 783 2433 silet
796 2391 922 2467 aequor.
938 2381 970 2435 et
983 2344 1140 2450 omnes,

249 2449 383 2543 Adspice,
407 2449 523 2511 ventosi
542 2451 710 2513 ceciderunt
730 2453 892 2545 murmuris
910 2469 1012 2513 aurae.

250 2528 324 2590 Hinc
343 2532 414 2591 adeo
434 2528 529 2590 media
548 2538 594 2591 est
613 2531 695 2592 nobis
715 2531 785 2592 via.
807 2549 930 2625 namque
943 2531 1109 2610 sepulcrum

227 2631 235 2642 >·
248 2607 353 2685 Incipit
371 2609 514 2686 adparere
532 2609 678 2670 Bianoris.
701 2610 768 2682 Hic,
791 2610 840 2671 ubi
861 2614 964 2672 densas
1123 2607 1152 2654 ⁶⁰

247 2687 404 2764 Agricolae
423 2687 575 2764 stringunt
593 2689 723 2764 frondes,
745 2690 804 2762 hic,
826 2690 935 2764 Moeri,
954 2707 1110 2766 canamus.

248 2768 303 2826 Hic
321 2768 431 2828 haedos
449 2767 579 2844 depone:
601 2775 701 2828 tamen
721 2770 871 2830 veniemus
890 2769 921 2830 in
925 2735 1057 2831 urbem.

226 2864 230 2871 ’
248 2847 309 2906 Aut
328 2844 366 2917 si,
387 2863 444 2905 nox
463 2846 592 2923 pluviam
613 2864 649 2905 ne
668 2846 791 2923 colligat
810 2854 890 2923 ante,
912 2867 1103 2926 veremur,

247 2890 406 2984 Cantantes
425 2923 496 2984 licet
516 2942 618 3002 usque,
640 2926 734 2984 minus
755 2926 803 2986 via
823 2929 932 3000 laedet,
953 2946 1065 3007 eamus3

228 3002 406 3062 'Cantantes
425 3009 459 3062 ut
478 3020 589 3076 eamus,
611 3022 666 3080 ego
686 3007 742 3065 hoo
762 3012 793 3065 te
813 3007 890 3066 fasce
916 3008 1031 3068 levabo.
1125 3004 1151 3049 ὦ

219 3080 259 3140 M.
279 3080 386 3141 Desine
405 3080 502 3158 plura,
523 3098 608 3158 puer,
623 3091 667 3156 et,
681 3085 759 3161 quod
772 3103 846 3146 nunc
860 3085 951 3146 instat
955 3103 1111 3162 „agamus

248 3157 384 3267 Carmina
403 3167 468 3221 tum
487 3161 604 3237 melius,
620 3181 708 3241 quum
721 3164 841 3226 venerit
850 3163 926 3245 ipse,
940 3181 1089 3271 canemus.
