2514 4178
149 265 191 330 50
507 289 535 331 r.
557 289 679 332 vrnermr
699 289 734 334 11.

190 373 246 448 Qui
266 393 340 436 nunc
360 376 504 437 extremis
523 376 611 437 Asiae
630 379 689 438 iam
709 378 807 438 victor
827 375 857 437 in
877 374 940 439 oris

190 456 343 514 imbellem
364 457 478 516 avertis
498 456 637 516 Romanis
657 459 773 517 arcibus
794 459 908 517 Indum.

190 535 292 607 Salve,
314 552 419 610 magna
439 553 546 612 parens
565 535 685 612 frugum
705 536 843 597 Saturnia
864 536 967 607 tellus,

190 613 298 688 Magna
320 614 439 674 viriam:
464 614 517 673 tibi
539 631 586 674 res
607 617 744 692 antiquae
764 615 860 675 laudis
879 621 910 674 et
932 613 1009 675 artis

189 691 356 768 Ingrediar,
379 701 494 753 sanctos
514 712 602 754 ausus
622 697 774 755 recludere
793 695 901 768 sontes,
1065 691 1102 735 ¹⁷⁵

191 773 407 849 Ascraeumque
427 791 496 832 cano
518 774 649 832 Romana
669 793 722 851 per
743 773 844 851 oppida
865 790 995 832 carmen.

152 849 236 912 Nunc
256 851 337 910 locus
358 870 498 912 arvorum
519 851 663 927 ingeniis:
686 870 759 931 quae
779 854 885 912 robora
906 851 1021 928 cuique,

190 930 261 999 Quis
281 932 374 1003 color,
397 937 428 990 et
448 949 521 1007 quae
541 933 580 992 sit
601 934 690 992 rebus
710 939 815 992 natura
835 930 973 990 serendis.

189 1009 330 1071 Difficiles
350 1010 477 1085 primum
498 1017 599 1071 terrae
619 1012 766 1089 collesque
786 1010 919 1085 maligni,

182 1089 297 1164 ,Tenuis
317 1090 366 1148 ubi
386 1090 494 1165 argilla
515 1097 546 1150 11
567 1090 695 1152 dumosis
714 1090 844 1150 calculus
864 1089 959 1163 arvis,
1064 1088 1101 1133 ¹⁸⁰

190 1167 324 1228 Palladia
344 1170 473 1245 gaudent
493 1168 569 1229 silva
590 1169 703 1230 vivacis
723 1170 830 1230 olivae.

189 1247 299 1306 Indicio
319 1257 366 1309 est
387 1255 487 1308 tractu
508 1266 633 1324 surgens
653 1249 781 1310 oleaster
801 1249 903 1308 eodem

190 1327 353 1401 Plurimus,
376 1333 407 1387 et
428 1328 518 1387 strati
539 1329 634 1389 baccis
655 1328 843 1389 silvestribus
863 1326 941 1403 agri.

189 1411 232 1467 at
253 1425 325 1485 quae
346 1406 462 1484 pinguis
483 1408 588 1469 humus
609 1407 743 1484 dulcique
762 1407 871 1483 uligine
892 1409 981 1479 laeta,

189 1486 302 1564 Quique
322 1486 458 1564 frequens
478 1487 578 1547 herbis
598 1495 630 1547 et
650 1487 759 1547 fertilis
780 1489 869 1546 ubere
889 1504 1020 1565 campus,
1063 1483 1100 1528 ¹⁸⁵

189 1566 312 1637 Qualem
332 1583 417 1642 saepe
437 1584 509 1626 cava
529 1567 637 1627 montis
656 1567 791 1628 convalle
810 1567 939 1627 solemus

189 1644 367 1722 Despicere:
390 1647 447 1704 huo
466 1645 589 1707 summis
609 1646 761 1724 liquuntur
782 1646 903 1723 rupibus
923 1663 1037 1714 amnes,

191 1725 378 1802 Felicemque
400 1724 523 1784 trahunt
544 1725 668 1786 limum:
690 1726 796 1803 quiquo
817 1727 915 1785 editus
934 1731 1048 1798 austro,

190 1805 231 1864 llt
252 1804 361 1864 filicem
380 1804 482 1864 curvis
502 1803 626 1864 invisam
647 1804 740 1880 pascit
761 1804 893 1879 aratris3
1033 1809 1037 1815 '

189 1882 245 1942 Hic
267 1883 322 1943 tibi
342 1882 527 1959 praevalidas
547 1884 616 1943 olim
638 1885 789 1960 multoque
810 1885 936 1944 fluentes
1064 1883 1101 1927 ¹⁹⁰

190 1962 321 2022 Sufficiet
342 1963 457 2023 Baccho
477 1962 568 2038 vites,
590 1964 638 2022 bic
658 1963 767 2023 fertilis
788 1981 873 2037 uvae,

188 2040 245 2100 Hic
266 2042 373 2116 laticis,
395 2043 511 2118 qualem
531 2045 643 2119 pateris
663 2043 788 2102 libamus
808 2049 839 2103 11
859 2061 943 2115 auro,

188 2119 310 2181 labavit
330 2139 419 2200 quum
440 2121 556 2198 pinguis
576 2125 650 2182 ebur
670 2122 845 2199 Tyrrhenus
865 2124 902 2182 ad
922 2140 1002 2197 aras,

189 2200 331 2260 lancibus
352 2208 383 2261 11
402 2201 504 2277 pandis
525 2201 665 2261 fumantia
689 2201 839 2261 reddimus
858 2210 940 2261 exta.

188 2279 240 2340 Sin
260 2287 394 2340 armenta
411 2280 506 2356 magis
526 2281 656 2342 studium
678 2280 845 2358 vitulosque
867 2281 957 2355 tueri,
1065 2276 1101 2323 ¹⁹³

187 2361 249 2421 Aut
270 2359 347 2421 fetus
367 2360 480 2434 ovium,
501 2368 551 2421 aut
572 2367 691 2420 urentes
712 2360 791 2419 culta
813 2358 950 2437 capellas

189 2441 291 2501 Saltus
310 2448 342 2499 et
363 2440 456 2500 saturi
479 2442 572 2516 petito
594 2439 752 2515 longinqua
772 2439 905 2513 Tarenti,

189 2522 230 2579 Et
252 2518 367 2597 qualem
388 2519 492 2579 infelix
510 2519 611 2579 amisit
632 2521 753 2579 Mantua
773 2538 919 2595 campum,

190 2600 365 2659 Pascentem
386 2598 487 2658 niveos
506 2600 632 2659 herboso
653 2597 772 2657 flumine
793 2617 922 2676 cyenos;

189 2679 256 2739 Non
275 2678 377 2754 liquidi
398 2677 539 2754 gregibus
560 2679 665 2750 fontes,
682 2697 738 2737 non
752 2679 886 2753 gramina
907 2674 1102 2739 deerunt:²⁰⁰

189 2759 229 2817 Et
251 2765 390 2835 quantum
412 2757 508 2833 longis
527 2766 648 2833 carpent
669 2765 804 2818 armenta
823 2757 935 2828 diebuS,

189 2836 305 2914 Exigua
327 2845 441 2897 tantum
461 2837 576 2913 gelidus
597 2856 646 2898 ros
667 2843 752 2896 nocte
773 2845 906 2914 reponet.

188 2916 284 2992 Nigra
304 2917 367 2976 fere
387 2923 418 2976 et
438 2934 540 2994 presso
561 2916 676 2994 pinguis
696 2917 750 2976 sub
770 2934 891 2977 vomere
913 2924 996 2977 terra

189 2996 231 3055 Et
251 2995 297 3055 eui
318 3003 405 3072 putre
425 2996 521 3056 solum
541 2994 677 3075 (namque
697 2997 753 3055 boo
773 2995 922 3057 imitamus
942 2995 1077 3075 arando),

190 3075 317 3151 Optuma
337 3074 514 3149 frumentis;
536 3094 592 3135 non
613 3075 674 3135 ullo
695 3093 732 3135 ex
754 3094 879 3152 aequore
899 3093 1002 3134 cernes
1062 3073 1101 3119 205

190 3155 283 3214 Plura
302 3155 420 3214 domum
439 3155 535 3216 tardis
555 3156 694 3214 decedere
715 3157 847 3230 plaustra
869 3153 1010 3229 iuvencis,

190 3237 263 3309 Aut,
285 3237 359 3295 unde
379 3233 474 3294 iratus
494 3234 601 3294 silvam
624 3235 743 3295 devexit
763 3241 875 3308 arator,

189 3314 231 3375 Et
250 3332 370 3375 nemora
390 3313 503 3379 evertit
522 3315 633 3373 multos
653 3314 760 3389 ignava
780 3332 833 3391 per
853 3332 942 3373 annos

190 3394 389 3471 antiquasque
409 3392 511 3455 domos
530 3393 628 3454 avium
648 3411 715 3453 cum
734 3394 878 3468 stirpibus
897 3393 964 3455 imis

190 3472 299 3535 Eruit:
321 3472 391 3534 illae
410 3474 505 3534 altum
525 3471 601 3534 nidis
619 3475 733 3554 petiero
754 3473 889 3535 relictis:
1061 3467 1102 3522 ¹¹⁰
