2514 4178
154 133 193 198 84
508 155 539 201 r.
560 156 684 200 vnnoinn
702 158 738 200 11.

193 243 306 307 Oceano
325 243 459 319 libemus,
481 244 535 306 ait.
556 243 653 306 Simul
672 243 735 322 ipsa
754 251 894 324 precatur

192 322 394 401 Oceanumque
413 331 530 402 patrem
549 341 662 396 rerum,
684 324 894 403 Nymphasque
914 342 1044 400 sorores,

191 401 316 465 Centum
336 420 410 479 qnae
430 405 532 478 silvas,
553 409 672 464 eentum
691 420 765 480 quae
786 404 907 467 flumina
926 413 1060 466 servant.

192 477 252 542 Ter
271 481 383 561 liquido
403 481 554 544 ardentem
575 482 706 560 perfudit
726 490 846 544 nectare
867 485 1003 558 Vestam,

190 558 251 620 Ter
271 562 389 623 flamma
407 563 446 622 ad
465 579 611 622 summum
631 561 705 623 tecti
724 563 854 623 subiecta
875 562 1000 640 reluxit.
1063 560 1102 606 ⁸⁸⁸

191 637 294 700 Omine
314 659 371 718 quo
390 641 511 701 firmans
530 641 670 713 animum,
692 641 735 701 sio
755 641 857 718 incipit
877 641 961 720 ipsa:

155 713 208 780 Est
228 718 259 779 in
279 719 439 798 Carpathio
458 721 588 797 Neptuni
609 720 730 795 gurgite
751 729 836 782 vates

190 800 349 860 Caeruleus
369 799 510 869 Proteus,
530 816 667 876 magnum
688 799 738 876 qui
757 800 885 878 piscibus
904 815 1015 879 aequor

190 879 231 937 Et
252 877 349 938 iuncto
370 877 504 956 bipedum
525 896 614 940 curru
635 880 760 940 metitur
779 897 934 957 equorum.

189 957 245 1017 Hic
265 975 340 1016 nunc
360 957 516 1019 Emathiae
537 965 640 1034 portus
659 957 843 1038 patriamque
863 958 970 1020 revisit
1061 957 1102 1003 ³⁹⁰

190 1036 342 1097 Pallenen.
365 1037 447 1097 Hunc
468 1045 499 1097 et
520 1037 676 1114 Nymphae
699 1055 886 1109 veneramur,
907 1038 1023 1116 etipse

190 1117 380 1177 Grandaevus
400 1116 527 1178 Nereus.
549 1115 642 1176 Novit
662 1135 786 1194 namque
806 1116 903 1176 omnia
922 1126 1020 1190 vates,

189 1197 269 1265 Quae
288 1194 360 1268 sint,
376 1213 449 1273 quae
462 1194 584 1267 inerint,
607 1213 680 1272 quae
693 1215 762 1256 mox
783 1203 909 1256 ventura
929 1197 1099 1258 trahantur.

189 1273 301 1352 Quippe
320 1274 363 1335 ita
383 1275 520 1352 Neptuno
540 1274 636 1334 visum
656 1283 724 1351 est3
746 1274 884 1336 immania
902 1275 984 1336 ouius

189 1356 343 1426 Armenta,
365 1362 397 1415 et
418 1362 521 1432 turpes
541 1353 633 1430 pascit
655 1356 709 1414 sub
722 1355 844 1430 gurgite
860 1355 980 1432 phocas.
1063 1351 1101 1397 ³⁹³

189 1431 245 1492 Hic
266 1432 332 1506 tibi,
354 1439 434 1505 nate,
456 1434 538 1510 prius
560 1432 665 1493 vinclis
684 1433 853 1511 capiundos
877 1439 910 1493 ut
931 1452 1047 1494 omnem

189 1512 334 1590 Expediet
354 1511 450 1573 morbi
471 1519 600 1584 causam,
622 1520 811 1590 eventusque
823 1515 975 1573 secundet.

189 1590 266 1651 Nam
286 1591 348 1652 sine
369 1591 400 1651 vi
420 1592 556 1652 nonulla
576 1590 656 1651 dabit
677 1599 844 1668 praecepta,
866 1609 958 1669 neque
979 1591 1066 1651 illum

190 1671 308 1731 Orando
328 1671 451 1731 flectes:
474 1670 536 1730 vim
557 1672 660 1740 duram
681 1678 712 1730 et
733 1670 850 1730 vincula
870 1677 956 1747 capto

189 1750 299 1810 Tende.
315 1750 382 1810 Deli
396 1749 506 1810 circum
520 1750 592 1810 haee
605 1752 721 1809 demum
734 1748 907 1824 frangentur
928 1751 1038 1811 inanes.
1063 1749 1102 1792 ⁴⁰⁰

189 1829 256 1904 lpse
276 1844 332 1904 ego
353 1836 395 1902 te,
417 1829 527 1889 medios
548 1848 637 1906 quum
657 1830 702 1889 sol
722 1828 889 1889 accenderit
910 1836 1021 1902 aestus,

189 1910 285 1980 Quum
306 1908 410 1971 sitiunt
424 1909 543 1979 herbae,
559 1916 589 1967 et
605 1907 703 1984 pecori
716 1906 775 1967 iam
788 1907 904 1984 gratior
927 1908 1027 1968 umbra
1042 1916 1101 1981 est,

189 1988 223 2046 111
243 1994 358 2048 secreta
378 1987 455 2047 senis
475 1990 588 2059 ducam,
612 2006 667 2064 quo
688 1986 783 2047 fessus
801 1989 838 2045 ab
858 1985 942 2046 undis

189 2068 228 2127 Se
248 2067 364 2144 recipit,
386 2066 471 2126 facile
493 2072 525 2126 ut
546 2084 647 2126 somno
667 2065 840 2140 adgrediare
861 2065 1015 2125 iacentem.

188 2146 313 2218 Verum,
336 2146 384 2205 ubi
404 2153 573 2222 correptum
594 2146 725 2204 manibus
740 2144 902 2221 vinclisque
923 2145 1048 2218 tenebis,
1061 2142 1101 2188 ⁴⁰³

187 2226 262 2285 'l'um
285 2224 383 2285 variae
405 2225 525 2285 eludent
545 2226 656 2301 species
676 2231 764 2301 atque
785 2242 838 2284 ora
859 2225 1001 2283 ferarum.

186 2304 256 2364 Fiet
276 2304 353 2363 enim
374 2304 471 2365 subito
491 2320 541 2364 sus
562 2304 711 2375 horridus
734 2311 858 2380 atraque
879 2302 981 2376 tigriS,

187 2384 419 2462 squamosusque
440 2386 539 2456 draco,
562 2390 593 2443 et
613 2382 695 2442 fulva
716 2381 832 2441 cervice
852 2382 972 2440 leaena:

188 2465 249 2522 Aut
270 2480 368 2522 aerem
389 2463 523 2521 fiammae
543 2461 670 2522 sonitum
692 2461 782 2533 dabit,
805 2468 892 2535 atque
914 2459 956 2518 ita
977 2458 1082 2519 vinclis

186 2541 324 2615 Excidet,
347 2549 396 2601 aut
417 2558 507 2618 aquas
527 2548 628 2601 tenues
649 2540 778 2616 dilapsus
797 2539 900 2601 abibit.
1061 2538 1102 2581 ⁴1⁰

187 2621 256 2694 Sed,
278 2628 385 2698 quanto
406 2620 459 2679 ille
478 2620 573 2696 magis
592 2619 703 2679 formas
723 2637 754 2678 se
775 2626 876 2678 vertet
897 2617 926 2676 in
946 2635 1059 2687 omnen,

187 2700 295 2773 'l'anto,
316 2707 395 2773 nate,
418 2699 512 2775 magis
532 2699 672 2758 contende
695 2697 806 2758 tenacia
827 2697 934 2770 vincla,

186 2779 284 2839 Donec
304 2779 374 2840 talis
394 2785 471 2851 erat,
494 2784 608 2838 mutato
628 2794 764 2853 corpore,
787 2777 902 2852 qualem

188 2857 320 2930 Videris,
341 2856 457 2935 incepto
478 2864 597 2932 tegeret
617 2875 706 2932 quum
726 2855 835 2915 lumina
856 2873 967 2915 somno.

151 2934 227 2996 Haec
246 2937 300 3009 ait,
322 2944 353 2996 et
375 2936 516 3013 liquidum
536 2935 699 2995 ambrosiae
720 2934 855 2994 diffundit
875 2935 1016 3011 odorem3
1057 2931 1103 2978 ⁴1³

189 3017 251 3086 Quo
273 3023 369 3076 totum
389 3016 450 3075 nati
471 3032 576 3091 eorpus
596 3014 746 3090 perduxit.
768 3016 810 3073 At
832 3013 878 3072 illi

189 3093 289 3153 Dulcis
309 3093 477 3169 compositis
498 3094 623 3168 spiravit
643 3093 773 3153 crinibus
793 3111 876 3164 aura,

188 3176 287 3251 Atque
307 3172 413 3232 habilis
434 3173 574 3232 membris
588 3173 670 3232 venit
686 3173 783 3248 vigor.
807 3174 862 3231 Est
877 3188 979 3247 specus
1001 3170 1103 3246 ingens

188 3253 279 3312 Exesi
300 3253 394 3312 latere
414 3250 444 3310 in
465 3251 584 3324 montis
607 3270 663 3328 quo
685 3250 812 3326 plurima
835 3257 922 3308 vento

188 3331 326 3411 Cogitur,
347 3330 432 3412 inque
453 3330 534 3397 sinus
554 3330 660 3398 scindit
682 3348 745 3391 sese
765 3330 840 3388 unda
860 3330 1010 3402 reduetoS,
1062 3322 1103 3368 42⁰
