2514 4178
336 302 500 349 oroaoroou
518 302 607 350 mann
626 302 669 349 111.
936 284 977 348 ot

69 389 129 456 Sed
150 410 198 455 me
217 392 342 456 Parnasi
362 396 480 456 deserta
499 412 553 472 per
573 395 665 456 ardua
684 390 779 455 dulcis

69 473 183 550 Raptat
204 490 296 535 amor.
319 472 406 533 iuvat
425 473 470 533 ire
490 471 579 550 iugis,
601 490 657 550 qua
677 471 758 534 nulla
777 470 915 551 priorum

69 551 228 613 Castaliam
247 551 331 612 molli
352 552 519 613 devertitur
540 551 636 614 orbita
656 550 747 612 clivo.

29 627 126 702 Nunc,
149 633 313 692 veneranda
333 631 433 703 Pales,
454 647 560 708 magno
580 648 655 691 nuno
674 647 727 691 ore
746 630 914 693 sonandum.

68 708 213 787 Incipiens
232 708 356 771 stabulis
376 710 458 770 edico
478 710 508 768 in
528 710 666 771 mollibus
685 711 807 771 herbam
935 706 977 753 ²⁰⁵

67 789 197 866 Carpere
216 807 298 864 oves,
320 790 390 850 dum
409 807 479 850 mox
498 789 635 850 frondosa
655 789 807 851 reducitur
828 796 948 852 aestas:

67 869 109 928 Et
130 870 224 929 mulla
246 871 348 929 duram
368 868 478 946 stipula
497 867 626 928 filicume
646 866 781 946 maniplis

67 948 211 1007 Sternere
230 949 333 1008 subter
352 949 484 1021 humum,
506 947 600 1024 glacie
620 967 656 1008 ne
675 947 785 1025 frigida
804 947 903 1011 laedat

67 1024 161 1086 Molle
181 1044 278 1103 pecus,
300 1026 483 1105 scabiemque
503 1028 591 1102 ferat,
613 1034 772 1106 turpesque
791 1029 947 1107 podagras.

67 1103 142 1164 Post
163 1106 229 1165 hinc
249 1106 400 1182 digressus
419 1107 503 1166 iubeo
523 1105 687 1167 frondentia
706 1106 804 1185 capris
933 1104 976 1150 000

65 1184 184 1244 arbuta
203 1185 347 1257 sufficere,
372 1192 402 1246 et
423 1184 530 1246 fluvios
550 1188 690 1264 praebere
710 1192 865 1265 recentes,

67 1263 108 1323 Et
128 1265 243 1323 stabula
263 1284 280 1326 a
301 1263 398 1325 ventis
417 1265 539 1324 hiberno
560 1282 704 1344 opponere
724 1265 780 1328 soli

66 1341 113 1401 Ad
134 1341 261 1402 medium
280 1361 422 1404 conversa
441 1343 530 1418 diem,
552 1363 641 1421 quum
660 1343 787 1420 frigidus
805 1343 877 1405 olim

66 1421 128 1480 Iam
148 1421 239 1496 cadit,
260 1430 452 1499 extremoque
472 1422 586 1484 inrorat
606 1423 753 1503 Aquarius
770 1441 855 1484 anno.

66 1501 130 1560 liae
149 1519 262 1580 quoque
282 1520 337 1562 non
357 1519 428 1562 cura
447 1501 529 1562 nobis
550 1501 663 1562 leviore
683 1505 819 1577 tuendae,
933 1495 976 1546 000

64 1579 130 1640 Neo
149 1580 246 1641 minor
265 1598 336 1642 usus
355 1581 436 1656 erit;
459 1580 593 1658 quamvis
612 1581 729 1642 Milesia
748 1599 855 1660 magno

64 1657 188 1720 Vellera
208 1667 359 1721 mutentur
379 1660 489 1737 Tyrios
509 1660 622 1722 incocta
641 1661 774 1721 rubores.

64 1737 190 1801 Densior
209 1739 258 1799 hic
277 1740 412 1801 soboles:
434 1739 501 1799 binc
522 1737 600 1816 largi
620 1739 701 1818 copia
722 1739 820 1800 lactis.

62 1818 160 1890 Quam
180 1818 275 1895 magis
294 1820 438 1879 exhausto
458 1818 641 1896 spumaverit
661 1821 752 1879 ubere
772 1820 911 1894 mulctra,

66 1897 160 1959 Laeta
180 1898 275 1974 magis
295 1897 405 1975 pressis
424 1899 580 1958 manabunt
601 1896 721 1959 flumina
746 1898 892 1959 mammis.
932 1895 975 1940 ³¹⁰

64 1976 129 2037 Neo
148 1976 243 2038 minus
262 1977 376 2038 interea
396 1978 501 2037 barbas
520 1978 677 2056 incanaque
696 1986 795 2041 menta

63 2054 203 2133 Cinyphii
223 2057 345 2116 tondent
365 2055 442 2116 hirci
463 2064 598 2135 setasque
620 2064 780 2133 comantes,

64 2135 160 2198 Vsum
180 2135 209 2194 in
230 2142 408 2209 castrorum,
430 2143 461 2197 et
481 2136 599 2197 miseris
619 2136 763 2197 velamina
782 2136 890 2199 nautis.

13 2270 15 2275 .
64 2213 230 2275 Pascuntur
252 2233 324 2275 vero
344 2214 435 2276 silvas
454 2221 486 2276 et
505 2233 620 2276 summa
631 2216 734 2293 Lycei,

64 2293 285 2372 Horrentesque
306 2295 406 2362 rubos,
427 2302 458 2356 et
478 2302 609 2354 amantes
627 2297 718 2356 ardua
737 2295 860 2371 dumos;
932 2288 974 2337 ⁸¹⁵

62 2373 163 2450 Atque
182 2371 263 2450 ipsae
282 2389 426 2433 memores
446 2373 569 2434 redeunt
588 2373 619 2432 in
640 2380 730 2449 tecta,
755 2391 880 2451 suosque

63 2452 192 2527 Ducunt,
214 2459 245 2513 et
264 2452 389 2528 gravido
410 2458 549 2529 superant
568 2451 621 2512 vix
642 2454 731 2513 ubere
750 2453 851 2512 limen.

63 2531 147 2607 Ergo
168 2530 246 2590 omni
266 2531 364 2592 studio
383 2531 508 2607 glaciem
529 2543 689 2610 ventosque
709 2532 832 2607 nivales,
905 2603 910 2612 ‚

62 2611 127 2681 Quo
146 2610 241 2671 minor
261 2617 308 2670 est
328 2609 389 2671 illis
409 2628 496 2671 curae
516 2610 653 2671 mortalis
679 2617 807 2687 egestas,

64 2692 195 2751 Avertes
207 2711 216 2768 ;
238 2690 406 2767 victumque
425 2690 515 2764 feres,
536 2696 568 2750 et
588 2690 692 2766 virgea
718 2691 814 2752 laetus
930 2682 973 2734 000

62 2769 198 2846 Pabula,
219 2786 271 2829 nec
291 2775 356 2830 tota
375 2769 492 2829 claudes
511 2768 628 2829 foenilia
647 2771 761 2830 bruma.

63 2851 106 2910 At
125 2865 212 2918 vero,
231 2846 369 2926 zephyris
389 2867 479 2925 quum
498 2848 577 2910 laeta
597 2849 769 2909 vocantibus
795 2854 891 2909 aestas

63 2927 97 2987 In
117 2927 211 2988 saltus
231 2936 389 3003 utrumque
408 2944 532 3004 gregem
552 2925 645 3005 atque'
659 2928 815 3006 inpascua
833 2929 949 3001 mittet,

64 3006 192 3066 Luciferi
212 3006 307 3084 primo
326 3024 393 3066 cum
413 3005 509 3067 sidere
528 3005 637 3084 frigida
661 3025 734 3068 rura

62 3086 237 3163 Carpamus,
247 3088 316 3145 dum
325 3103 409 3146 mane
419 3087 620 3160 novum,dum
631 3086 763 3162 gramina
773 3092 889 3163 canent,
930 3081 972 3130 000

63 3165 105 3226 Et
125 3182 175 3226 ros
194 3163 225 3224 in
246 3171 348 3226 tenera
368 3164 467 3242 pecori
486 3163 674 3241 gratissimus
694 3167 797 3226 herba.

63 3244 144 3319 Inde,
165 3243 216 3306 ubi
232 3246 340 3320 'quarta
359 3242 441 3304 sitim
460 3243 534 3304 coeli
555 3244 712 3320 collegerit
733 3247 821 3314 hora,

64 3323 105 3383 Et
124 3329 213 3383 cantu
233 3323 371 3401 querulae
391 3330 528 3400 rumpent
549 3325 669 3386 arbusta
687 3323 815 3397 cicadae,

63 3400 109 3460 nd
127 3409 233 3478 puteos
251 3408 302 3460 aut
322 3402 383 3462 alta
406 3418 514 3479 greges
534 3404 571 3463 ad
590 3408 695 3479 stagna
710 3402 809 3463 iubeto

64 3479 238 3542 Currentem
258 3480 357 3558 ilignis
377 3487 480 3559 potare
493 3482 640 3542 canalibus
655 3483 780 3561 undam;
928 3477 971 3528 000
