2514 4178
266 270 307 337 68
622 290 651 335 r.
674 289 797 335 vmcrnn
815 289 851 334 u.

306 374 444 439 Aestibus
465 382 496 440 at
517 377 621 439 mediis
642 379 808 438 umbrosam
829 372 985 456 exquirere
1014 375 1137 455 vallem,

307 454 405 518 Sicubi
425 474 530 535 magna
550 455 629 518 Iovis
649 455 768 535 antiquo
787 457 893 518 robore
913 472 1038 534 quereus

307 534 444 612 Ingentes
464 537 565 598 tendat
585 552 693 609 ramos,
716 541 766 597 aut
787 534 879 596 sicubi
899 535 1018 612 nigrum

307 612 425 676 Ilicibus
444 613 558 675 crebris
577 631 661 676 sacra
680 630 781 674 nemus
801 614 925 676 adcubat
949 613 1065 675 umbra.

306 692 382 752 'rum
402 698 506 754 tenues
518 694 590 754 dane
610 710 714 754 rursus
733 709 832 771 aquas,
846 698 878 754 et
892 709 1012 770 pascere
1032 709 1139 755 rursus
1175 688 1210 736 ωδ

306 771 386 832 Solis
405 773 441 832 ad
461 789 607 844 occasum,
629 789 717 850 quum
736 771 863 866 frigidus
882 779 950 832 atra
970 788 1078 849 vesper

306 850 477 928 Temperat,
498 859 531 912 et
551 852 646 912 saltus
663 849 762 911 reficit
782 868 840 911 ram
862 848 977 912 roscida
996 850 1077 924 luna,

309 926 469 1007 Litoraque
488 930 642 1006 alcyonem
662 936 811 1002 resonant,
834 928 1019 991 acalanthida
1040 928 1134 989 dumi.

307 1006 383 1077 Quid
402 1007 457 1067 tibi
478 1017 612 1086 pastores
632 1008 755 1085 Libyae,
779 1007 848 1086 quid
868 1024 973 1084 pascua
992 1024 1083 1068 versu

307 1084 487 1164 Prosequar,
506 1093 538 1148 et
558 1087 637 1147 raris
657 1087 789 1147 habitata
812 1086 935 1163 mapalia
955 1085 1070 1147 tectist
1175 1083 1212 1129 ³⁴⁰

307 1165 400 1242 Saepe
419 1165 496 1227 diem
516 1172 699 1242 noctemque,
722 1173 753 1226 et
774 1172 871 1227 totum
891 1183 930 1226 ex
948 1163 1050 1224 ordine
1071 1182 1197 1227 mensem

306 1242 456 1318 Pascitur,
477 1244 560 1324 itque
580 1261 667 1321 pecus
687 1246 776 1319 longa
795 1242 825 1304 in
846 1245 963 1305 deserta
982 1242 1046 1303 sine
1067 1244 1141 1305 ullis

306 1321 471 1400 Hospitiis:
493 1330 609 1384 tantum
629 1323 722 1401 campi
744 1323 831 1384 iacet.
855 1321 958 1383 Omnia
984 1338 1085 1382 secum

306 1400 513 1463 Armentarius
532 1401 605 1462 Afer
626 1401 701 1478 agit,
723 1409 903 1479 tectumque,
926 1403 1105 1477 Laremque,

307 1480 465 1558 Armaque,
487 1481 738 1558 Amyclaeumque
757 1498 868 1554 canem,
890 1482 1083 1557 Cressamque
1096 1476 1213 1558 pha-³⁴⁵

305 1557 373 1618 Non
393 1576 477 1621 secus
490 1578 524 1621 ac
538 1560 645 1637 patriis
658 1577 725 1620 acer
739 1561 887 1620 Romanus
899 1559 929 1618 in
944 1559 1036 1618 armis
1067 1558 1210 1636 (retram:

306 1635 418 1698 Iniuste
439 1640 492 1699 sub
511 1638 589 1699 fasce
611 1638 689 1699 viam
709 1658 797 1717 quum
816 1637 924 1714 carpit,
946 1643 978 1698 et
999 1638 1079 1698 hosti

306 1719 386 1776 Ante
405 1723 593 1795 expectatum
613 1716 716 1794 positis
737 1724 798 1778 stat
818 1717 848 1776 in
868 1716 984 1793 agmine
1004 1716 1126 1778 eastris.

306 1797 349 1856 At
370 1813 437 1869 non,
459 1815 515 1873 qua
535 1794 677 1872 Scythiae
697 1802 802 1871 gentes
822 1795 1006 1872 Maeotiaque
1028 1797 1119 1871 unda,
1145 1824 1152 1833 =

306 1874 453 1935 Turbidus
473 1883 504 1935 et
525 1882 665 1952 torquens
685 1876 827 1936 flaventes
848 1875 951 1934 Hister
971 1890 1087 1947 arenas,
1176 1871 1214 1917 ⁸³⁰

307 1953 426 2031 Quaque
446 1952 526 2015 redit
544 1953 673 2013 medium
693 1954 835 2031 Rhodope
856 1959 993 2031 porrecta
1013 1954 1068 2013 sub
1088 1970 1185 2014 axem.

307 2030 374 2091 Illic
393 2032 492 2092 clausa
512 2038 613 2092 teuent
633 2032 757 2093 stabulis
776 2039 931 2106 armenta;
953 2049 1044 2109 neque
1059 2032 1140 2093 ullae

306 2112 369 2170 Aut
389 2111 498 2170 herbae
517 2128 620 2186 campo
640 2117 793 2189 apparent,
816 2118 866 2172 aut
887 2111 992 2171 arbore
1015 2110 1157 2172 lrondcs:

307 2189 366 2248 Sed
385 2187 462 2250 iacet
482 2189 640 2266 aggeribus
661 2188 755 2250 niveis
774 2189 918 2262 informis,
944 2196 976 2248 et
996 2189 1060 2250 aito

307 2268 401 2328 Terra
422 2268 492 2345 gelu
512 2269 584 2341 late,
607 2275 777 2345 septemque
797 2268 933 2343 adsurgit
952 2267 982 2327 in
1003 2269 1110 2343 ulnas;
1176 2264 1213 2311 Ν

308 2347 432 2425 Semper
452 2346 558 2419 hiems,
579 2364 695 2424 semper
716 2345 863 2424 spirantes
882 2345 996 2421 frigora
1015 2346 1118 2407 Cauri.

307 2426 385 2486 'l'um
403 2425 456 2487 Sol
476 2426 620 2502 pallentes
640 2426 717 2485 haud
737 2443 873 2503 umquam
895 2423 1018 2486 discutit
1038 2427 1169 2499 umbras,

310 2505 372 2565 Nec
380 2523 471 2582 quum
483 2505 617 2565 invectus
630 2503 712 2581 equis
725 2503 819 2564 altum
833 2502 909 2581 petit
920 2504 1054 2576 aethera,
1066 2521 1120 2563 nec
1129 2521 1213 2582 quum

306 2582 506 2661 'Praecipitem
526 2581 632 2643 Oceani
652 2584 742 2643 rubro
762 2582 838 2644 lavit
859 2599 983 2659 aequore
1002 2598 1137 2643 currum.

313 2663 503 2725 concrescunt
524 2660 637 2723 subitae
657 2659 790 2721 currenti
810 2661 839 2721 in
861 2660 980 2721 flumine
1007 2668 1137 2736 crustae,
1177 2656 1213 2702 ³⁶⁰

314 2741 450 2819 Vndaque
469 2740 527 2801 iam
547 2747 634 2816 tergo
654 2740 781 2801 ferratos
802 2738 927 2801 sustinet
951 2741 1051 2812 orbes,

314 2820 460 2899 Puppibus
479 2819 532 2880 illa
552 2819 645 2897 prius,
668 2818 777 2896 patulis
797 2836 872 2878 nunc
891 2817 1008 2896 hospita
1028 2816 1194 2896 planstris:

310 2902 443 2978 Aeraque
463 2898 609 2960 dissiliunt
629 2899 732 2974 vulgo,
755 2904 910 2976 vestesque
933 2898 1086 2974 rigescunt

311 2978 443 3051 indutae,
464 2980 643 3056 caeduntque
663 2974 813 3038 securibus
833 2976 951 3038 humida
971 2975 1051 3050 vina,

313 3058 352 3118 Et
372 3062 452 3116 totae
472 3055 594 3116 solidam
614 3055 644 3116 in
664 3054 789 3132 glaciem
809 3063 931 3116 vertere
951 3055 1084 3132 lacunae,
1177 3050 1214 3098 ’ὦ

312 3134 458 3212 Stiriaque
478 3134 602 3212 impexis
622 3133 754 3195 induruit
774 3133 896 3194 horrida
916 3132 1027 3196 barbis.

314 3213 428 3274 [nterea
447 3219 512 3273 toto
531 3230 587 3272 non
606 3212 700 3273 secius
720 3218 788 3272 altre
808 3211 926 3290 ningit3

312 3291 464 3352 intereunt
485 3292 618 3368 pecudes,
640 3297 721 3353 stant
741 3290 917 3352 circumfusa
937 3289 1050 3369 pruinis

311 3371 440 3448 Corpora
459 3385 564 3445 magna
583 3371 691 3429 houmt
712 3368 901 3463 confertoque
920 3369 1037 3447 agmine
1057 3367 1140 3432 cervi

310 3449 441 3527 Torpent
460 3450 537 3508 mole
552 3467 637 3520 noua,
653 3456 683 3509 et
697 3447 819 3510 summis
834 3467 886 3511 vix
898 3447 1034 3512 cornibus
1049 3457 1164 3513 estam·
1178 3444 1214 3492 ³⁷⁰
