2514 4178
462 265 627 310 ouoacrcou
638 265 735 320 ‚uraca
754 260 797 308 111.
1066 241 1106 304 63

194 348 354 424 Sollicitat,
374 349 547 429 frondesque
567 358 686 426 negant,
710 357 741 412 et
762 348 890 412 fontibus
909 357 1034 412 arcent:

194 431 287 508 Saepe
306 430 396 491 etiam
415 447 503 490 cursu
523 428 671 507 quatiunt,
691 437 723 490 et
743 428 805 491 sole
824 428 964 505 fatigant,
1007 502 1009 506 ,

194 511 289 580 Quum
309 509 446 586 graviter
466 507 560 569 tunsis
580 507 673 584 gemit
694 525 763 569 area
781 507 926 584 frugibus,
949 515 981 569 et
1001 525 1091 585 quum

192 590 370 665 Surgentem
390 590 427 650 ad
448 588 611 664 zephyrum
631 588 732 664 paleae
753 586 899 648 iactantur
920 586 1029 648 inanes.

193 667 256 727 lloo
275 665 396 740 faciunt,
418 666 507 726 nimio
527 666 657 726 ne‘luxu
677 665 811 727 obtusior
832 683 900 727 usus
1065 660 1105 710 ¹³⁵

192 745 238 805 Sit
260 745 382 822 genitali
402 764 487 819 arvo,
508 751 540 805 et
561 745 657 805 sulcos
677 744 800 806 oblimet
821 745 953 805 inertes:

192 825 251 885 Sed
271 823 367 902 rapiat
386 823 489 884 sitiens
509 823 667 897 Venerem,
690 823 871 900 interiusque
891 824 1042 884 recondat.

152 903 270 964 Rursus
288 922 359 964 cura
378 910 497 980 patrum
517 904 632 976 cadere,
655 909 686 963 et
707 905 863 964 succedere
884 910 1014 963 matrum

192 981 309 1061 Incipit.
332 982 455 1043 Exactis
474 981 616 1057 gravidae
636 1001 725 1060 quum
744 981 891 1042 mensibus
911 989 1025 1052 errant,

191 1062 259 1123 Non
278 1062 346 1122 illas
360 1061 501 1138 gravibus
520 1059 673 1139 quisquam
693 1061 763 1137 iuga
777 1063 883 1122 ducere
897 1060 1051 1138 plaustris,
1063 1059 1103 1104 ¹⁴⁰

190 1141 258 1203 Non
277 1141 357 1201 saltu
376 1157 515 1216 soporare
537 1139 616 1199 viam
637 1139 678 1216 sit
698 1157 811 1217 passus,
832 1147 864 1200 et
883 1139 945 1199 aori
1052 1188 1055 1193 .

191 1223 319 1296 Carpere
339 1225 425 1296 prata
444 1218 524 1296 iuga,
547 1218 711 1296 fluviosque
730 1218 830 1279 innare
851 1235 992 1296 rapaces;

130 1357 134 1362 .
192 1298 324 1360 Saltibus
342 1297 372 1358 in
394 1299 494 1360 vacuis
513 1304 644 1374 pascant,
667 1305 699 1358 et
719 1298 805 1375 plena
824 1299 981 1358 secundum

191 1377 340 1451 Flumina,
361 1393 478 1438 muscus
499 1378 560 1449 ubi,
582 1382 614 1437 et
634 1375 813 1438 viridissima
833 1377 966 1452 gramine
986 1375 1062 1455 ripa,

190 1459 407 1535 Speluncaeque
428 1461 541 1534 tegant,
564 1461 595 1516 et
616 1472 704 1516 saxea
723 1457 864 1532 procubet
886 1458 1001 1516 umbra.
1064 1454 1103 1498 ¹⁴⁵

191 1539 249 1598 Est
268 1537 350 1596 lucos
368 1534 459 1595 Silari
479 1532 558 1595 circa
578 1532 750 1612 ilicibusque
771 1536 919 1595 virentem

191 1614 344 1677 Plurimus
363 1615 528 1674 Alburnum
549 1613 689 1687 volitans,
711 1613 757 1674 cui
778 1619 882 1674 nomen
901 1613 975 1675 asilo

192 1697 355 1756 Romanum
375 1700 433 1766 est,
455 1699 588 1755 oestrum
609 1693 691 1754 Graii
710 1700 831 1754 vertere
852 1700 1012 1769 vocantes3

191 1776 298 1850 Asper,
319 1774 424 1833 acerba
443 1789 566 1834 sonans:
589 1789 645 1848 quo
666 1779 730 1834 tota
751 1772 898 1834 exterrita
918 1771 1003 1833 silvis

191 1852 356 1928 Dill‘ugiunt
375 1859 519 1924 armenta,
541 1850 616 1912 furit
637 1851 800 1928 mugitibus
819 1853 923 1912 aether
1064 1849 1101 1895 ¹⁵⁰

192 1934 366 2004 ConcussuS,
387 1930 536 2007 silvaeque
557 1937 587 1992 et
609 1929 678 1990 sicci
699 1930 763 2008 ripa
783 1931 923 2006 'Fanagri

192 2011 255 2072 Hoc
273 2012 417 2088 quondam
436 2016 569 2070 monstro
589 2009 742 2071 horribilis
761 2011 896 2071 exercuit
915 2010 978 2073 iras

191 2089 325 2149 Inachiae
345 2090 415 2149 luno
434 2095 548 2166 pestem
568 2087 710 2149 meditata
730 2088 879 2150 iuvencae.

191 2170 275 2229 Hunc
294 2186 417 2246 quoque,
439 2186 506 2228 nam
526 2168 629 2228 mediis
648 2167 814 2230 fervoribus
833 2168 930 2230 acrior
950 2170 1053 2243 instat,

191 2247 317 2308 Arcebis
334 2247 458 2322 gravido
477 2247 577 2323 pecori
597 2253 785 2324 armentaque
804 2265 905 2324 pasces
1062 2245 1101 2292 ¹⁵⁵

191 2328 261 2387 Sole
279 2344 381 2386 recens
400 2332 479 2396 orto,
501 2333 552 2386 aut
572 2333 688 2386 noctem
708 2327 879 2388 ducentibus
898 2326 1000 2387 astris.

153 2405 226 2468 Post
246 2413 364 2484 partum
384 2424 454 2466 cura
473 2403 504 2464 iu
524 2404 635 2466 vitulos
657 2405 822 2466 traducitur
842 2407 956 2466 omnis:

189 2486 388 2563 Continuoque
407 2491 492 2545 notas
512 2491 544 2544 et
563 2484 678 2544 nomina
698 2484 795 2560 gentis
815 2484 957 2545 inurunt:

189 2568 232 2627 Et
252 2581 335 2641 quos,
356 2570 407 2624 aut
428 2563 525 2640 pecori
546 2563 650 2623 malint
670 2562 847 2625 submittere
866 2564 1009 2639 habendo,

189 2649 252 2706 Aut
272 2641 333 2704 aris
352 2660 475 2703 servare
495 2659 604 2717 sacros,
626 2649 678 2703 aut
697 2643 830 2703 scindere
853 2649 979 2719 terram,
1062 2642 1100 2688 ¹⁶⁰

188 2726 230 2784 Et
249 2740 384 2799 campum
404 2723 575 2782 horrentem
593 2721 696 2784 fractis
715 2721 863 2784 invertere
882 2723 998 2800 glebis:

189 2804 297 2863 Cetera
316 2808 474 2878 pascuntur
495 2799 605 2861 virides
624 2809 759 2863 armenta
777 2819 830 2878 per
850 2803 977 2864 herbas:

190 2883 236 2942 Tu
255 2897 327 2959 quos
346 2882 384 2941 ad
403 2879 533 2940 studium
553 2887 641 2958 atque
662 2898 747 2941 usum
766 2881 904 2942 formabis
924 2888 1086 2958 agrestem,

189 2960 252 3020 Iam
272 2959 383 3020 vitulos
402 2959 535 3033 hortare,
557 2961 696 3038 viamque
715 2961 819 3020 insiste
838 2961 991 3035 domandi,

190 3039 273 3100 Dum
291 3039 399 3114 faciles
418 3039 514 3098 animi
532 3040 684 3111 iuvenum,
706 3041 779 3099 dnm
798 3041 914 3100 mobilis
934 3050 1030 3102 aetas.
1059 3040 1099 3086 ¹⁶⁵

190 3119 235 3179 Ac
253 3117 382 3195 primum
402 3117 485 3177 laxos
505 3117 585 3178 tenui
605 3120 641 3178 de
661 3118 770 3177 vimine
790 3119 897 3180 circlos

191 3195 306 3256 Cervici
325 3197 482 3257 subnecte:
505 3195 619 3272 dehinc,
641 3196 690 3257 ubi
710 3198 803 3258 libera
822 3199 900 3260 colla

191 3275 322 3336 Servitio
340 3274 502 3350 adsueriut,
523 3275 594 3352 ipsis
615 3295 631 3335 e
652 3277 805 3354 torquibus
824 3286 910 3355 aptos

192 3353 282 3431 lunge
299 3372 397 3432 pares,
418 3360 449 3415 et
469 3372 542 3432 coge
562 3357 685 3432 gradum
705 3356 839 3417 conterre
859 3356 1017 3421 iuvencos:

192 3433 289 3518 Atque
307 3432 369 3496 illis
388 3433 447 3495 iam
466 3451 551 3521 saepe
571 3443 654 3499 rotae
675 3437 818 3498 ducantur
840 3435 939 3506 inanes
1059 3437 1099 3488 ¹7⁰
