2514 4178
151 238 189 304 tl
511 259 540 307 a.
562 256 685 307 rancun
703 254 739 305 u.

188 350 304 413 Laxant
325 368 398 413 arva
418 351 519 430 sinus;
542 360 663 431 superat
683 358 768 412 tener
788 347 923 413 omnibus
942 348 1071 412 humore

188 430 279 508 Inque
299 449 391 492 novos
411 432 489 493 soles
508 435 615 493 audent
635 449 667 492 se
684 429 817 507 germina
836 437 905 493 tuto

189 510 330 584 Credere,
353 529 405 571 uec
425 511 533 571 metuit
553 519 710 587 surgentes
729 509 882 588 pampinus
901 514 1033 585 austros,

189 590 249 649 Aut
270 598 368 650 actum
388 591 470 651 coelo
490 590 605 666 magnis
623 588 806 668 aquilonibus
825 589 973 648 imbrem:

189 668 247 728 Sed
268 669 365 730 trudit
385 686 528 745 gemmas,
549 676 581 730 et
600 668 719 729 frondes
739 668 869 745 explicat
889 684 1004 729 omnes.
1062 666 1097 711 ³3³

190 747 256 805 Non
276 747 349 807 alios
368 748 464 823 prima
484 748 645 808 crescentis
664 747 778 826 origine
798 747 899 808 mnndi

190 824 335 886 Inluxisse
355 826 427 901 dies,
450 827 578 888 aliumue
599 826 733 887 babuisse
753 834 888 887 tenorem

189 905 393 965 Crediderim.
415 923 471 967 rer
491 906 565 968 illud
586 911 673 981 erat;
695 923 749 966 rer
770 922 894 982 magnus
915 906 1025 980 agebat

189 983 289 1056 Orbis,
310 992 342 1045 et
362 984 492 1046 hibernis
511 987 669 1063 parcebant
691 986 809 1047 flatibus
831 984 917 1055 Euri,

189 1065 285 1133 Quum
305 1063 416 1141 primae
437 1065 532 1124 lucem
551 1066 675 1141 pecudes
694 1065 831 1139 hausere,
853 1063 1013 1141 viriumque
1060 1062 1097 1107 ³⁴⁰

189 1141 302 1202 Ferrea
322 1143 478 1220 progenies
498 1144 579 1203 duris
599 1143 691 1221 eaput'
706 1144 817 1204 extulit
836 1142 931 1217 arvis,

189 1220 396 1299 Immissaeque
415 1222 496 1281 ferae
515 1222 601 1284 silvis
620 1233 652 1283 et
672 1223 770 1285 sidera
788 1222 880 1283 coelo.

189 1300 252 1360 Nec
271 1318 321 1362 res
342 1304 418 1361 hune
438 1310 558 1362 tenerae
578 1310 695 1380 possent
715 1302 848 1380 perferre
868 1300 1014 1373 laborem,

189 1379 222 1439 Si
242 1398 298 1440 non
318 1386 400 1441 tanta
421 1381 503 1458 quies
523 1380 582 1441 iret
602 1381 754 1458 frigusque
773 1381 960 1457 caloremque

189 1458 283 1532 Inter,
305 1467 336 1520 et
356 1459 506 1538 exciperet
527 1460 601 1519 coeli
621 1461 802 1535 indulgentia
822 1466 932 1521 terras.
1061 1457 1098 1501 ³⁴⁵

189 1540 272 1609 Quod
284 1546 430 1615 superest,
446 1557 641 1617 quaecumque
655 1557 771 1617 premes
784 1538 919 1616 virgulta
932 1555 988 1615 per
1002 1555 1096 1615 agros,

189 1619 303 1694 Sparge
322 1619 393 1678 fimo
412 1618 523 1694 pingui,
545 1626 577 1680 et
598 1619 692 1679 multa
712 1636 824 1679 memor
844 1616 945 1677 occule
966 1623 1070 1678 terra:

189 1697 251 1756 Aut
272 1697 398 1773 lapidem
418 1698 560 1773 bibulum,
582 1704 633 1759 aut
653 1698 821 1775 squalentes
840 1696 936 1757 infode
956 1698 1096 1773 conchas3

189 1775 273 1835 Inter
293 1776 370 1836 enim
391 1778 526 1837 labentur
545 1795 648 1854 aquae,
670 1776 822 1855 tenuisque
842 1775 951 1836 subibit

188 1853 318 1928 Halitus,
340 1863 428 1933 atque
447 1856 558 1916 animos
578 1856 685 1916 tollent
705 1862 781 1916 sata.
803 1856 921 1934 Iamque
941 1852 1098 1933 repertilw

190 1932 246 2004 Qui
265 1952 337 1994 saxo
357 1952 445 2011 super
465 1941 553 2011 atque
573 1935 702 2010 ingentis
720 1935 848 2012 pondere
868 1941 965 1995 testae

188 2013 363 2089 Vrgerent:
386 2016 442 2073 hoc
461 2015 568 2074 effusos
588 2013 736 2073 munimen
756 2015 792 2074 ad
812 2013 934 2088 imbres,

188 2092 262 2163 Hoc,
284 2092 333 2152 ubi
352 2091 451 2153 hiulca
470 2094 521 2153 siti
542 2093 628 2154 findit
648 2092 727 2153 canis
747 2092 868 2153 aestifer
887 2110 973 2154 arva.

156 2168 314 2232 Seminibus
334 2171 448 2248 positis,
471 2179 606 2248 superest
627 2172 769 2232 deducere
788 2180 904 2232 terram

188 2249 310 2328 Saepius
329 2252 365 2310 ad
385 2250 480 2328 cupita
499 2259 530 2311 et
552 2253 640 2312 duros
659 2251 769 2312 iactare
789 2250 934 2323 bidentes,
1061 2246 1096 2295 Μ

189 2331 251 2391 Aut
270 2345 371 2406 presso
391 2348 531 2390 exercere
551 2331 646 2390 solum
667 2332 721 2390 sub
740 2348 872 2399 vomere,
892 2336 924 2390 et
944 2328 1008 2409 ipsa

188 2408 328 2469 Flectere
348 2410 495 2470 luctantes
515 2409 593 2469 inter
614 2410 714 2470 vineta
734 2409 893 2471 iuvencos:

188 2488 265 2548 'I'um
284 2487 367 2549 leves
387 2488 525 2561 calamos,
547 2496 578 2548 et
599 2506 683 2549 rasae
703 2488 823 2548 hastilia
845 2488 961 2564 virgae,

188 2564 407 2644 Fraxineasque
427 2574 529 2644 aptare
549 2569 646 2641 sudes,
668 2567 822 2645 furcasque
842 2567 980 2640 bicornis,

188 2644 311 2707 Viribus
330 2645 404 2705 eniti
423 2664 546 2723 quarum
566 2653 596 2707 et
617 2653 803 2707 contemnere
823 2654 929 2708 ventos
1060 2643 1097 2687 ³⁰⁰

188 2726 382 2797 Adsuescant,
404 2742 589 2803 summasque
610 2727 691 2803 sequi
711 2725 844 2787 tabulata
864 2744 917 2803 per
938 2726 1046 2785 ulmos.

155 2804 205 2874 tc,
228 2805 296 2865 dum
317 2804 411 2881 prima
432 2804 516 2864 noris
536 2805 675 2865 adolescit
696 2805 846 2866 frondibus
866 2812 961 2877 aetas,

190 2885 371 2944 Parcendum
392 2885 524 2943 teneris:
547 2892 589 2959 et,
612 2886 680 2944 dum
701 2901 733 2945 se
754 2886 848 2944 laetus
868 2886 905 2944 ad
925 2901 1014 2944 auras

189 2962 307 3020 Palmes
327 2962 402 3038 agit,
425 2963 501 3023 laxis
521 2981 574 3039 per
594 2982 699 3040 purum
720 2963 867 3023 immissus
888 2963 1018 3036 habenis,

192 3042 256 3116 lpsa
275 3039 354 3101 acies
374 3044 499 3101 nondum
520 3042 603 3101 falcis
624 3046 772 3118 tentanda,
796 3045 846 3102 sed
867 3043 949 3103 uncis
1059 3037 1096 3082 π

189 3119 356 3195 Carpendae
376 3120 507 3180 manibus
528 3122 657 3194 frondes,
679 3121 813 3199 interque
834 3122 985 3198 legendae.

188 3197 271 3265 Inde,
292 3197 340 3256 ubi
360 3197 418 3257 iam
439 3200 545 3260 validis
563 3201 716 3277 amplexae
735 3201 878 3277 stirpibus
897 3201 993 3260 ulmos

189 3274 339 3348 Exierint,
360 3282 425 3337 tum
445 3279 561 3355 stringe
581 3297 689 3355 comas,
711 3288 775 3341 tum
796 3280 915 3340 brachia
935 3279 1045 3340 tonde:

188 3357 267 3415 Ante
286 3355 479 3417 reformidant
500 3357 634 3418 ferrum:
659 3367 721 3419 tum
742 3358 863 3435 denique
883 3361 957 3420 dura

192 3433 308 3495 Exerce
327 3435 462 3514 imperia,
482 3445 514 3499 et
534 3456 633 3501 ramos
652 3457 802 3518 compesce
822 3439 959 3498 fluentes.
1057 3430 1097 3479 ⁸7⁰
