2514 4178
274 583 332 680 ltll
359 585 397 679 l.
430 584 630 681 lllttlllltl
660 576 908 683 illinunt>

157 1527 196 1591 Ρ.
222 1521 392 1607 Virgilius
414 1524 509 1590 Maro
533 1525 632 1588 natus
656 1519 745 1588 haud
770 1524 887 1608 procul
911 1526 953 1591 ab
982 1524 1064 1595 urbe

112 1633 250 1697 Mantua
274 1629 310 1696 in
335 1647 443 1716 pago,
469 1647 571 1716 quem
601 1628 704 1712 vulgo
731 1628 850 1696 Andes
878 1628 1061 1712 vocarunt,

110 1737 312 1806 adolescens
328 1739 501 1815 Mantuae,
519 1736 719 1816 Cremonae,
734 1735 921 1804 Mediolani
933 1743 967 1806 et
978 1739 1063 1807 Nea·

112 1844 201 1933 poli,
227 1842 436 1921 litterarum,
464 1840 655 1910 medicinae
678 1847 711 1910 et
735 1846 957 1931 μαθηματικῆς
980 1842 1063 1913 doc-

10 1948 12 1956 '
112 1957 203 2019 tores
237 1947 379 2016 audivit.
412 1951 522 2025 Quum
557 1953 672 2016 auteur
704 1948 909 2017 Octavianus
939 1966 1062 2035 agrum

111 2075 369 2124 cremonensem
392 2062 427 2124 et
449 2060 673 2125 mantuanum
702 2054 874 2124 veteranis
897 2054 1063 2123 militibus

111 2163 348 2242 distribuisset,
374 2161 543 2246 Virgilius
567 2162 672 2246 agelli
695 2161 747 2230 sni
771 2162 988 2250 possessione
1005 2161 1063 2229 do·

110 2271 230 2360 pulsus
256 2273 397 2338 Romam
421 2269 539 2350 venit,
567 2267 682 2352 ibique
705 2267 824 2336 Asinio
847 2267 1003 2336 Pollione
1029 2277 1062 2336 et

110 2381 307 2444 Maecenate
332 2373 613 2459 suffragantibus
639 2393 708 2441 non
724 2373 834 2440 solum
850 2375 893 2440 ab
909 2377 1063 2458 Augusto

109 2482 316 2570 impetravit,
334 2479 469 2549 utillud
493 2479 556 2547 sibi
581 2478 794 2566 praediolum
810 2477 1059 2559 restitueretur,

109 2590 170 2658 sed
187 2587 376 2657 innumeris
400 2587 503 2654 etiam
527 2584 706 2653 beneflciis
731 2585 773 2653 ob
788 2584 995 2653 acerrimum
1011 2583 1062 2653 in·

109 2695 252 2782 genium
284 2693 346 2761 luit
377 2693 581 2762 cumulatus.
611 2693 731 2760 Annos
758 2699 859 2759 natus
892 2710 998 2759 unum
1027 2699 1062 2762 et

109 2802 359 2890 quinquaginta
395 2800 546 2868 Athenas
581 2798 757 2886 proficisci
792 2797 967 2868 constituit
1002 2803 1060 2878 ut,
1190 2809 1193 2821 '

109 2909 271 2978 adhibitis
287 2911 493 2978 Graecorum
518 2905 740 2990 doctissimis,
759 2904 947 2974 Aeneidem
965 2922 1060 2971 suam

110 3019 153 3086 ad
179 3034 330 3100 unguem
358 3013 553 3098 castigaret.
588 3015 728 3099 Iamque
759 3011 825 3079 iter
855 3009 1060 3099 ingressuS,

110 3128 260 3208 Augusto
283 3121 326 3189 ab
348 3121 487 3190 Oriente
511 3119 700 3190 revertenti
725 3118 884 3198 occurrit,
910 3126 958 3197 et,
983 3137 1061 3185 mu·
1179 3155 1182 3159 ·

148 3316 187 3390 (Ι)
200 3318 238 3372 Ex
259 3316 385 3370 Historia
404 3318 505 3370 critica
524 3316 579 3370 litt.
601 3317 762 3370 latinorum
779 3312 899 3368 Thomee
911 3310 1049 3369 Velluurii

501 3808 590 3919 17
598 3809 795 3920 (iffi
