2514 4178
150 364 196 504 l.
243 365 469 500 Vlllllllll
511 367 752 497 lllldlls
798 359 1096 490 dtbltllnl

376 655 555 734 LIBER
592 651 865 746 QVARTVS

452 941 788 994 W

512 1332 732 1378 Anevnnnnvn.

156 1432 196 1493 lle
217 1433 321 1512 apibus
341 1433 489 1494 moltero
510 1435 573 1510 ayit
595 1435 708 1509 poete,
731 1448 892 1508 eoanmqne
912 1446 1009 1489 mores
1030 1432 1099 1503 sime

189 1516 338 1574 describit.
365 1514 522 1573 Commode
540 1514 594 1572 snb
614 1516 709 1590 finem
728 1512 891 1588 Eurydtois
912 1517 941 1568 et
967 1509 1099 1584 Orpbeei

189 1595 327 1670 fabulam
346 1594 478 1670 attinqit,
499 1611 557 1671 quo
576 1593 697 1670 quidem
710 1591 841 1666 episoctio
854 1590 931 1649 nibil
943 1595 1043 1664 selme
1057 1594 1101 1646 est

190 1676 223 1734 in
243 1675 346 1734 latinis
361 1674 461 1750 poeta
480 1679 534 1730 aut
550 1673 717 1749 perfectius
737 1677 792 1729 aut
805 1670 939 1728 saboim.

157 1861 299 1920 Protenus
319 1858 392 1920 atrii
412 1858 509 1919 mellis
530 1857 667 1918 coelestia
689 1859 762 1918 dona

192 1942 356 2015 Exsequar.
378 1938 460 1997 Hane
480 1937 581 2010 etiam,
603 1939 766 2004 Maecenas
786 1933 883 2012 aspice
903 1940 1043 2012 partem;

192 2018 368 2078 Admiranda
388 2017 442 2076 tibi
463 2016 573 2077 levium
594 2016 759 2093 spectacula
779 2034 891 2088 rerum,

193 2095 450 2175 Magnanimosque
470 2097 568 2170 duces,
590 2094 738 2172 totiusque
759 2094 860 2154 ordine
884 2091 981 2168 gentis

193 2176 292 2238 Mones
312 2183 343 2235 et
364 2175 460 2236 studia
480 2183 511 2236 et
530 2177 652 2253 populos
672 2183 703 2235 et
723 2173 835 2251 proelia
854 2173 959 2233 dicam.
1086 2167 1101 2211 ¹⁵

194 2259 234 2316 In
254 2257 337 2315 tenui
357 2257 461 2316 labor:
480 2262 511 2316 at
532 2255 628 2315 tenuis
648 2273 704 2314 nou
724 2253 832 2329 gloria,
847 2252 873 2312 si
894 2269 981 2329 quem

195 2334 320 2396 Numina
339 2336 422 2396 laeva
442 2333 553 2407 sinunt,
574 2333 711 2411 auditque
731 2340 852 2392 vocatus
872 2332 990 2409 Apollo.

160 2415 302 2492 Principio
323 2417 406 2474 sedes
426 2414 526 2492 apibus
546 2413 692 2492 statioque
713 2415 848 2489 petenda,

194 2498 257 2566 Quo
277 2512 369 2570 neque
388 2493 428 2554 sit
449 2492 547 2554 ventis
566 2491 674 2564 aditus,
697 2490 776 2571 (nam
795 2491 900 2568 pabula
920 2490 1002 2551 venti

195 2576 289 2633 lleme
302 2575 420 2634 domum
430 2571 599 2651 prohibent)
608 2589 700 2649 neque
711 2589 781 2632 oves
791 2569 932 2648 haedique
943 2569 1053 2648 petulci
1078 2564 1103 2608 ¹⁰

195 2651 333 2715 Floribus
352 2651 508 2720 insultent,
528 2658 579 2710 aut
600 2668 703 2711 errans
723 2652 827 2710 bucula
841 2668 943 2726 eampo

197 2731 331 2793 Decutiat
351 2748 462 2805 rorem,
483 2738 515 2791 et
535 2735 691 2806 surgentes
710 2737 824 2791 atterat
844 2731 961 2789 herbas.

197 2811 300 2872 Absint
321 2817 352 2869 et
372 2810 444 2887 picti
464 2809 627 2887 squalentia
647 2816 733 2885 terga
753 2808 859 2869 lacerti

198 2890 358 2966 l'inguibus
377 2907 395 2947 a
415 2889 551 2962 stabulis,
572 2906 775 2965 meropesque,
789 2889 920 2967 aliaeque
933 2888 1089 2960 volueres;

199 2971 237 3028 lit
259 2968 389 3027 manibus
410 2968 525 3028 Procne
545 2974 647 3046 peetus
667 2967 783 3043 signata
805 2969 945 3028 eruentis,
1079 2962 1104 3007 ¹⁵

197 3045 301 3108 Omnia
319 3063 385 3105 nam
406 3046 468 3107 late
487 3053 618 3120 vastant,
639 3045 773 3124 ipsasque
792 3048 928 3108 volantes

197 3131 258 3188 Ore
276 3125 375 3185 ferunt
397 3126 511 3185 dulcem
531 3126 607 3186 nidis
625 3123 788 3187 immitibus
807 3144 915 3188 eseam.

199 3210 240 3266 nt
261 3203 363 3281 liquidi
384 3203 481 3265 fontes
499 3213 530 3266 et
551 3213 655 3281 stagna
675 3205 802 3267 virentia
822 3223 921 3266 museo

200 3281 307 3344 adsint
326 3289 358 3344 et
379 3282 476 3344 tenuis
494 3283 609 3360 lugiens
628 3302 682 3362 per
701 3286 834 3361 gramina
853 3285 959 3362 rivus3

202 3363 360 3441 Palmaque
372 3361 553 3424 vestibulum
564 3371 617 3426 aut
629 3364 733 3443 ingens
742 3366 869 3429 oleaster
882 3366 1029 3426 inumbret
1036 3386 1045 3446 ς
1080 3357 1105 3408 ²⁰
