2514 4178
159 255 198 299 ΦΑ
517 258 546 303 P·
571 259 691 303 vinctum
709 260 745 304 Μ.

197 351 314 426 hreus3
336 354 367 410 et
389 366 406 407 e
425 355 510 426 pastu
531 349 672 410 decedens
691 348 807 425 agmine
827 366 933 426 magno

197 431 360 492 corvorum
380 428 525 505 increpuit
546 427 643 489 densis
661 428 812 489 exercitus
832 429 898 490 alis·
990 470 994 474 -

197 510 258 570 lam
279 507 377 568 varias
396 507 493 585 pelagi
514 507 661 582 volucres,
683 515 715 569 et
735 527 808 586 quae
827 508 896 570 Asia
918 508 1031 570 circum

197 588 336 648 Dulcibus
356 587 386 647 iu
406 586 520 663 stagnis
540 586 685 647 rimantur
705 595 792 664 prata
812 587 944 664 Caystri,

197 666 343 728 Certatim
363 667 464 742 largos
484 666 615 726 hameris
636 665 787 727 infundere
807 685 903 740 roreS,
1074 667 1112 710 ³⁸⁵

197 746 281 806 Nunc
300 752 388 823 eaput
408 746 555 805 obiectare
575 745 672 820 iretis,
696 765 769 804 nunc
790 763 911 804 currere
933 744 963 804 in
984 749 1087 820 undae,

198 827 238 885 Et
260 825 356 886 studio
377 824 520 886 incassum
541 824 641 885 videas
661 826 774 900 gestire
796 825 922 884 lavandi.

197 905 272 963 'lum
293 904 396 964 cornix
416 906 501 980 plena
520 904 652 980 pluviam
673 912 758 964 vocat
779 903 912 980 improba
934 921 1019 975 voce,

197 985 239 1044 Et
259 984 321 1044 sela
340 984 370 1042 in
391 983 466 1044 sicea
486 1001 584 1044 secum
605 983 750 1059 spatiatur
771 1003 869 1044 arena.

197 1064 243 1122 Ne
263 1069 404 1122 nocturna
424 1063 541 1140 quidem
561 1070 715 1138 carpentes
735 1080 823 1140 pensa
844 1063 958 1138 puellae
1047 1093 1053 1115 ·.
1072 1062 1110 1106 ³⁹⁰

198 1141 359 1203 Nescivere
378 1142 516 1215 hiemem,
539 1149 617 1202 testa
638 1161 726 1217 quum
746 1143 868 1202 ardente
891 1142 920 1201 vi
930 1144 1026 1202 terent

199 1221 368 1283 Scintillare
388 1223 484 1281 oleum
505 1229 535 1281 et
557 1228 660 1297 putres
680 1238 867 1280 concrescere
886 1221 1002 1297 fungos.

161 1299 222 1362 Nec
242 1300 336 1361 minus
358 1319 396 1362 ex
416 1299 504 1360 imbri
524 1302 601 1360 soles
621 1306 652 1359 et
672 1307 775 1377 aperta
796 1318 900 1361 serena

199 1380 374 1458 Prospicere
393 1387 423 1440 et
445 1379 536 1440 certis
555 1378 668 1455 poteris
690 1391 866 1454 cognoscere
886 1377 991 1455 signis.

199 1461 275 1521 Nam
296 1477 388 1537 neque
408 1466 471 1519 tum
492 1459 589 1519 stellis
609 1458 685 1519 acies
706 1461 808 1518 obtusa
828 1459 960 1533 videtur,
1072 1457 1110 1501 ³⁹³

199 1541 262 1599 Nee
282 1538 386 1599 fratris
406 1539 496 1598 radiis
515 1537 638 1598 obnoxia
660 1555 783 1613 surgere
804 1540 885 1608 luna,

198 1618 308 1678 Tenuia
328 1636 381 1678 nec
402 1618 485 1677 lanae
505 1636 558 1694 per
578 1618 692 1676 coelum
712 1619 825 1678 vellera
845 1616 930 1691 ferri,

197 1699 265 1757 Nou
285 1697 415 1775 tepidum
436 1700 473 1757 ad
493 1697 586 1757 solem
605 1715 713 1774 pennas
733 1696 763 1756 in
784 1696 872 1756 litore
893 1698 1023 1773 pandunt

199 1777 331 1837 Dilectae
351 1776 471 1836 Thetidi
491 1777 649 1853 alcyones3
672 1795 726 1834 non
748 1794 799 1836 ore
819 1777 933 1837 solutos

197 1856 341 1916 Immuudi
362 1855 520 1915 meminere
541 1873 607 1916 sues
627 1855 739 1915 iactare
760 1855 911 1933 maniplos.
1072 1855 1111 1898 ⁴⁰⁰

200 1940 243 1995 At
263 1935 384 1994 nebulae
404 1935 498 2010 magis
519 1934 578 1995 ima
599 1941 702 2012 petunt
723 1953 880 2013 campoque
900 1936 1096 1996 recumbunt:

199 2014 276 2074 Solis
296 2021 327 2073 et
347 2032 480 2073 occasum
501 2032 623 2075 servans
643 2016 678 2073 de
698 2015 824 2074 eulmine
844 2032 959 2074 summo

198 2093 400 2171 Nequidquam
421 2111 503 2153 seros
522 2099 643 2154 exercet
663 2100 769 2153 noctua
789 2101 903 2154 cantus.

198 2175 331 2250 Apparet
352 2172 461 2249 liquido
481 2173 615 2233 sublimis
635 2172 664 2231 in
685 2180 753 2233 atre
775 2172 875 2244 Nisus,

199 2254 240 2312 Et
260 2269 315 2328 pro
335 2269 482 2328 purpureo
501 2269 607 2328 poenas
628 2254 678 2311 dat
698 2252 800 2328 Scylla
821 2253 950 2329 capillos
1071 2253 1110 2294 ⁴⁰³

198 2334 384 2406 Quacumque
403 2331 455 2390 illa
478 2331 574 2390 levem
595 2330 709 2406 fugiens
729 2338 808 2391 secat
829 2334 951 2392 aethera
972 2331 1086 2410 pennis

198 2412 274 2470 Ecce
295 2409 428 2469 inimicus
448 2417 535 2470 atrox
556 2429 660 2485 magno
681 2410 811 2470 stridore
831 2429 884 2488 per
905 2429 993 2472 auras

198 2489 366 2567 Insequitur
386 2489 497 2549 Nisus:
519 2509 573 2567 qua
595 2508 626 2549 se
647 2489 706 2549 fert
727 2490 819 2550 Nisus
838 2492 875 2552 ad
895 2508 982 2551 auras

198 2572 255 2630 Illa
277 2571 372 2628 levent
392 2568 507 2644 fugiens
527 2568 637 2644 raptim
657 2575 737 2628 secat
758 2571 879 2630 aethera
899 2570 1013 2647 pennis.

198 2653 274 2709 'lum
294 2648 418 2724 liquidas
438 2647 521 2706 corvi
542 2665 642 2724 presso
664 2655 711 2708 ter
732 2655 856 2724 gutture
877 2666 964 2709 voces
1072 2649 1112 2689 ⁴¹⁰

199 2734 259 2789 Aut
280 2735 385 2804 quater
405 2725 595 2802 ingeminant,
618 2735 649 2786 et
669 2745 755 2803 saepe
775 2728 918 2788 cubilibus
938 2727 1021 2803 altis,

199 2807 306 2868 Nescio
326 2826 382 2882 qna
402 2813 522 2882 practer
542 2806 663 2865 solitum
684 2807 835 2866 dulcedine
857 2805 940 2881 laeti,

201 2883 282 2947 Inter
302 2902 334 2944 se
354 2885 432 2946 l'oliis
452 2885 633 2962 strepitant:
655 2885 750 2955 iuvat,
770 2886 913 2946 imbribus
933 2886 1021 2964 actis,

201 2964 378 3040 Progeniem
398 2981 519 3040 parvam
540 2966 695 3042 dulcesque
714 2964 845 3025 revisere
865 2966 958 3026 nium.

202 3045 285 3103 Haud
306 3043 438 3118 equidem
459 3046 558 3117 credo,
580 3043 646 3119 quia
668 3044 707 3104 sit
727 3044 869 3105 divinitus
889 3045 952 3106 illis
1072 3041 1113 3087 ⁴¹⁵

202 3121 366 3197 Ingenium,
388 3130 438 3182 aut
459 3140 559 3181 rerum
580 3125 641 3182 fato
661 3123 816 3199 prudentia
836 3123 939 3183 maior.

203 3203 327 3271 Verum,
351 3202 397 3259 ubi
419 3207 579 3276 tempestas
598 3209 629 3261 et
650 3203 724 3262 coeli
743 3202 860 3262 mobilis
880 3205 987 3263 humor

204 3283 360 3342 Mutavere
380 3279 455 3351 vias,
477 3286 508 3338 et
528 3280 660 3356 Iuppiter
682 3281 785 3342 uvidus
805 3282 915 3343 austris

205 3361 326 3432 Densat,
342 3366 425 3418 erant
440 3376 512 3434 quae
525 3377 593 3418 rara
614 3362 709 3435 modo,
725 3368 755 3420 et
776 3379 849 3438 quae
863 3363 962 3436 densa,
982 3361 1111 3435 relaxat,

204 3439 373 3499 Vertuntur
392 3437 503 3516 speeies
523 3438 696 3517 animorum,
718 3447 751 3504 ot
766 3447 889 3527 pectora
909 3449 1008 3504 motus
1073 3444 1115 3488 42⁰
