2514 4178
462 173 472 224 l

150 253 187 314 16
504 268 533 311 r.
555 269 677 311 vmuun
697 268 732 311 ιι.

187 358 428 435 Contemplator:
451 374 539 434 aquas
560 358 660 451 dulces
680 366 711 418 et
732 357 851 418 frondea
873 374 990 435 sempor

188 440 279 498 Tecta
299 445 349 515 pet
337 444 414 497 t.unt
436 436 501 495 Huc
522 444 555 496 tu
575 434 669 498 iussos
688 440 832 514 adsperge
852 456 986 514 sapores,

189 516 274 577 Trita
293 515 484 593 melisphylla
503 522 533 576 et
555 515 705 576 cerinthae
725 517 852 593 ignobile
874 535 1020 592 gramen;

189 594 379 688 hinnitusque
399 596 454 667 oie,
476 601 507 654 et
494 595 636 655 tMatris
657 604 744 673 quate
766 597 902 672 cymbala
925 595 1061 656 circum:

190 676 272 753 Ipsae
292 674 442 736 consident
461 673 615 734 medicatis
633 675 759 748 sedibus,
782 677 861 752 ipsae
1075 676 1101 719 ⁸⁵

190 755 294 815 lntima
315 772 398 814 more
418 772 471 814 suo
490 771 555 814 sese
574 752 604 813 in
624 720 764 814 οιιιιιιιιιιι
784 755 919 815 condent.

152 833 272 895 Sint
223 842 272 895 aut
274 853 321 893 em
341 835 378 894 ad
396 850 523 926 pugnam
543 832 683 908 exierint,
705 853 773 893 nam
792 851 878 912 saepe
898 834 1012 895 duobus

191 913 322 990 Regibus
341 912 461 974 incessit
480 930 586 988 magno
608 912 752 975 discordia
765 921 859 987 motu,

190 992 387 1086 Continuoque
406 990 517 1054 animos
536 989 621 1067 vulgi
641 1000 671 1053 et
692 993 868 1071 trepidantia
890 992 969 1053 bello

129 1116 131 1129 .
191 1073 285 1133 Corda
305 1071 375 1132 licet
362 1073 482 1147 tlonge
502 1072 720 1149 praesciscere.
742 1090 866 1149 namque
886 1080 1037 1133 morantes
1075 1073 1100 1117 00

129 1190 133 1211 ,
190 1152 319 1233 Martius
337 1152 390 1211 ille
409 1151 487 1211 aeris
506 1150 588 1210 rauci
608 1170 696 1211 carior
716 1151 859 1230 increpat,
883 1160 913 1212 et
935 1171 996 1213 vox

129 1244 132 1255 ·
190 1226 317 1292 Auditur
337 1231 448 1292 fractos
468 1228 608 1291 sonitus
600 1230 651 1290 imi
654 1238 751 1291 ttata
738 1234 886 1291 tubarum.

130 1352 133 1365 .
191 1311 266 1371 Turn
286 1310 417 1389 trepidae
436 1309 515 1371 inter
535 1328 567 1369 se
587 1317 703 1383 coeunt,
727 1312 884 1388 pennisque
904 1321 1073 1386 coruscant,

190 1388 363 1483 Spiculaque
383 1396 528 1450 exacuunt
548 1389 668 1462 rostris,
690 1398 849 1467 aptantque
870 1393 1011 1465 lacertos,

131 1504 133 1527 ι
190 1472 231 1529 Ει
251 1469 329 1530 circa
349 1488 451 1546 regem
472 1469 587 1546 atque
579 1487 641 1546 rpsa
662 1470 699 1529 ad
718 1478 802 1546 praet
805 1471 866 1530 oria
887 1473 992 1529 densae
1075 1471 1100 1512 ⁷⁵

190 1549 363 1622 Miscentur,
384 1547 554 1625 magnisque
574 1555 680 1609 vocant
694 1550 871 1610 clamoribus
890 1552 1020 1610 hostem.

190 1630 284 1704 Ergo,
306 1629 355 1688 ubi
374 1647 430 1688 rer
450 1636 552 1687 nactae
572 1630 677 1688 sudum
695 1646 866 1705 camposque
881 1636 1028 1706 peterten,

190 1709 355 1784 Erumpunt
376 1708 483 1785 portiS,
504 1706 702 1782 concurritur,
725 1711 846 1767 aethere
865 1709 895 1768 in
916 1709 978 1768 alto

190 1786 242 1847 Fit
262 1787 399 1847 sonitus:
421 1803 558 1862 magnum
578 1786 690 1847 mixtae
710 1789 913 1864 glomerantur
935 1787 966 1846 iu
985 1791 1096 1857 orbum,

189 1866 427 1943 Praecipitesque
445 1868 563 1927 cadunt.
584 1867 650 1927 Non
671 1867 787 1927 densior
807 1875 874 1927 atre
888 1869 1013 1941 grando,
1075 1867 1099 1908 8⁰

189 1945 253 2006 Nec
271 1947 308 2005 de
327 1962 463 2005 concussa
484 1952 600 2005 tautum
620 1945 696 2022 pluit
717 1946 785 2005 ilice
806 1947 931 2022 glandis.

189 2024 248 2103 lpsi
268 2041 320 2102 per
340 2022 452 2084 medias
471 2022 559 2099 acies,
581 2025 741 2101 insignibus
761 2026 830 2096 alis,

188 2105 326 2181 Ingentes
344 2103 456 2164 animos
475 2123 529 2180 ano
513 2104 627 2165 ff'usto
619 2123 649 2163 1n
669 2112 789 2182 pectore
809 2112 942 2179 versant,

190 2183 289 2261 Vsque
309 2183 381 2242 adeo
400 2182 499 2243 obnixi
518 2203 573 2243 non
594 2186 709 2257 cedere,
732 2187 802 2246 dum
821 2184 924 2262 gravis
945 2193 996 2247 aut
1012 2189 1076 2246 hos.

188 2265 249 2324 Aut
269 2263 324 2323 hos
343 2280 431 2323 versa
450 2261 519 2339 iuga
539 2261 637 2324 victor
657 2264 761 2324 daret
748 2271 835 2339 terga
848 2266 938 2339 subeg
940 2264 976 2324 it.
1075 2266 1098 2306 ⁸³

189 2342 228 2402 Hi
248 2349 346 2403 motus
364 2341 528 2403 animorum
548 2350 635 2422 atquo
655 2345 727 2403 haec
747 2343 906 2404 certamina
929 2351 1010 2404 tauta

189 2420 330 2482 Pulveris
350 2421 450 2497 exigui
470 2422 548 2484 iactu
569 2440 735 2500 compressa
756 2422 918 2500 quiescunt

189 2503 303 2560 Verum
324 2500 373 2560 ubi
393 2502 530 2562 ductores
549 2501 611 2561 acie
631 2501 820 2562 revocaveris
834 2505 938 2561 ambo:

189 2581 329 2642 Deterior
348 2581 397 2658 qui
419 2580 511 2654 visus,
533 2597 611 2655 enm,
634 2597 669 2640 ne
689 2581 830 2658 prodigus
850 2582 938 2654 obsit,

189 2662 270 2721 Dede
290 2659 375 2719 neci:
396 2658 502 2718 melior
522 2677 614 2721 vacua
633 2660 695 2720 sine
715 2668 821 2734 regnet
841 2661 870 2719 in
891 2663 969 2720 aula
1074 2660 1100 2705 00

189 2741 278 2801 Alter
298 2738 358 2800 erit
379 2739 501 2798 maculis
522 2757 594 2798 auro
614 2739 747 2815 squalent
736 2740 814 2799 tibus
835 2741 958 2831 ardens:
1127 2758 1131 2765 ·

191 2819 280 2900 (Nam
301 2821 357 2880 duo
377 2826 445 2879 sunt
466 2815 600 2911 genera)
608 2818 656 2878 hie
676 2817 822 2892 melior,
809 2818 936 2912 'insignis
956 2827 987 2879 et
1009 2837 1073 2895 ore,

190 2901 232 2961 Et
252 2897 353 2959 rutilis
372 2899 471 2959 clarus
490 2897 639 2976 squamis:
661 2897 713 2957 ille
734 2897 871 2958 horridus
892 2899 933 2957 alt
922 2906 969 2958 etr

190 2976 320 3051 Desidia,
341 2977 489 3055 latamque
510 2979 631 3038 tralleos
651 2976 796 3053 inglorius
816 2978 928 3037 alvum.

190 3057 234 3118 Vt
254 3055 337 3116 binae
357 3074 462 3132 regum
480 3055 579 3132 facies,
602 3055 645 3117 ita
664 3074 788 3134 corpora
807 3056 911 3134 plebis.
1072 3056 1099 3098 ⁹⁵

191 3137 324 3213 Namque
344 3135 417 3195 aliae
437 3143 540 3211 turpes
560 3137 705 3208 horrent,
727 3153 780 3195 ceu
800 3136 923 3213 pulvere
943 3137 979 3193 ab
1001 3136 1063 3196 alto

192 3216 287 3286 Quum
307 3213 400 3286 venit,
422 3220 453 3273 et
473 3214 549 3274 sicco
570 3221 683 3273 terram
703 3214 782 3292 spuit
802 3233 854 3275 ore
874 3214 972 3275 viator

191 3294 321 3354 Aridus:
345 3258 459 3352 elucent
479 3292 616 3365 aliae,t
587 3300 616 3353 et
638 3293 754 3369 fulgore
778 3301 932 3354 coruscant

192 3375 338 3433 Ardentes
359 3389 442 3443 auro,
463 3377 494 3430 et
516 3337 633 3448 paiibus
653 3373 707 3432 lita
727 3390 851 3450 corpora
870 3372 977 3448 guttis.

191 3452 340 3512 Haect
289 3458 340 3535 pot
342 3449 387 3511 ior
407 3415 533 3513 suboles
556 3451 630 3514 Hinc
651 3451 723 3515 coeli
744 3458 877 3554 tempore
897 3459 980 3513 certo
1060 3451 1100 3519 ¹0⁰
