2514 4178
137 263 178 328 62
495 284 525 330 r.
547 285 669 328 vinoun
687 283 724 329 m.

175 372 285 437 Martis
304 372 371 452 equi
390 372 515 450 biiuges,
536 381 568 434 et
588 371 686 449 magni
706 389 812 434 currus
832 371 971 436 Achillis*

174 452 257 515 Talis
275 461 307 516 et
328 455 390 532 ipse
408 453 507 514 iubam
527 452 643 512 cervice
663 451 766 514 effudit
787 451 891 530 equina

174 531 313 610 Coniugis
332 536 460 593 adventu
480 532 585 609 pernix
603 533 760 605 Saturnus,
782 538 815 593 et
835 531 930 593 altum

174 610 278 672 Pelion
299 611 415 673 hinnitu
429 611 549 689 ,lugiens
568 609 705 689 implevit
725 616 824 671 acuto.

134 689 218 750 Hunc
228 709 351 770 quoque,
364 690 471 752 uhi'aut
481 689 761 767 morhogravis,aut
770 689 829 750 iam
840 687 957 765 segnior
966 689 1050 751 annis
1062 686 1087 733 11

173 771 294 843 Deficit,
315 772 388 831 abde
408 772 514 846 domo;
537 787 590 829 nec
609 768 691 847 turpi
711 767 829 845 ignosce
848 776 993 830 senectae.
1070 784 1073 787 ’

174 848 316 927 Frigidus
335 851 365 910 iu
386 850 533 909 Venerem
552 848 661 925 senior,
682 847 853 926 frustraque
873 849 1005 908 laborem

173 930 327 1006 Ingratum
348 928 454 989 trahit:
475 934 519 1002 et,
541 927 567 987 si
587 929 700 1007 quaudo
712 928 748 987 ad
762 928 873 1004 proelia
891 934 1012 987 ventum
1028 933 1085 1002 est,

152 1060 155 1065 .
173 1009 218 1077 Vt
238 1009 382 1085 quondam
401 1007 430 1066 in
451 1005 569 1085 stipulis
589 1022 712 1084 maguus
731 1006 793 1067 sine
813 1006 927 1068 viribus
947 1006 1035 1082 ignis,

144 1107 149 1117 ·
175 1089 321 1148 Incassum
341 1086 426 1147 lurit.
448 1088 531 1161 Ergo
551 1086 662 1147 animos
681 1103 844 1164 aevumque
864 1086 978 1146 notabis
1048 1083 1086 1128 ¹⁰⁰

133 1221 135 1226 .
174 1166 357 1243 Praecipue:
379 1166 447 1227 hine
467 1166 541 1226 alias
558 1173 652 1241 artes,
673 1165 844 1244 prolemque
863 1174 1032 1244 parentum,

173 1248 216 1307 Et
236 1245 302 1324 quis
320 1244 423 1324 cuique
443 1245 528 1307 dolor
550 1244 642 1314 victo,
662 1261 736 1324 quae
755 1245 853 1321 gloria
874 1245 999 1322 palmae.

173 1326 278 1399 Nonne
297 1323 392 1394 vides,
412 1342 501 1402 quum
521 1323 676 1417 praecipiti
695 1324 856 1385 certamine
876 1341 1011 1402 campum

147 1436 151 1443 ·
173 1405 361 1482 Corripuere,
383 1411 529 1482 ruuntque
549 1403 634 1463 effusl
653 1419 771 1464 carcere
790 1421 908 1478 currus,

174 1487 269 1556 Quum
289 1500 356 1561 spes
368 1490 504 1543 arrectae
517 1481 665 1558 iuvenum,
680 1482 916 1561 exsultantiaque
929 1480 1031 1543 haurit
1045 1480 1086 1528 ¹⁰⁵

174 1566 270 1625 Corda
288 1580 381 1640 pavor
400 1562 538 1640 pulsans:
561 1561 608 1622 illi
627 1562 738 1623 instant
759 1563 884 1621 verbere
905 1569 999 1638 torto,

173 1644 215 1709 Et
236 1641 320 1720 proni
339 1642 410 1702 dant
428 1642 516 1702 lora:
538 1643 621 1703 volat
642 1640 673 1702 vi
690 1640 823 1702 fervidus
843 1641 924 1702 axis:

157 1722 293 1799 ¹Iamque
313 1720 450 1796 humiles,
473 1720 587 1798 iamque
606 1720 679 1781 elati
698 1721 823 1781 sublime
843 1721 982 1782 videntur

173 1805 253 1862 Aera
273 1818 470 1878 pervacuum
490 1799 576 1874 ferri,
596 1807 684 1878 atque
704 1802 866 1876 adsurgere
885 1801 915 1860 in
935 1817 1034 1862 auras.

173 1880 237 1942 Neo
256 1897 351 1954 mora,
372 1882 425 1939 neo
445 1877 582 1956 requies:
603 1887 635 1940 at
654 1879 754 1940 fulvae
773 1879 888 1940 nimbus
907 1897 1013 1939 arenae
1047 1878 1086 1924 ¹¹⁰

173 1959 326 2020 Tolliturz
348 1958 521 2021 humescunt
541 1957 664 2037 spumis,
686 1959 816 2052 flatuque
836 1965 1030 2037 sequentum:

173 2040 286 2100 'l'antus
305 2055 389 2098 amor
408 2038 540 2110 laudum,
561 2044 662 2098 tantae
681 2045 728 2099 est
748 2038 875 2099 victoria
894 2037 1002 2099 curae!

173 2117 293 2181 Primus
313 2115 524 2178 Erichthonius
543 2134 649 2178 currus
668 2125 699 2178 et
720 2125 847 2196 quatuor
867 2135 954 2178 ausus

172 2197 298 2275 Iungere
318 2213 418 2274 equos,
440 2196 614 2274 rapidusque
636 2196 711 2258 rotis
730 2196 868 2258 insistere
887 2196 998 2258 victor.

172 2276 271 2343 From
291 2270 477 2338 Pelethronii
497 2275 652 2352 Lapithae,
674 2293 824 2354 gyrosque
843 2277 951 2338 dedere
1045 2275 1085 2320 ¹¹⁵

171 2352 306 2434 impositi
320 2357 419 2429 dorso,
435 2363 523 2433 atque
542 2355 672 2432 equitem
693 2357 818 2416 docuere
837 2356 892 2416 sub
911 2354 1004 2417 armis

147 2484 150 2489 -
171 2436 319 2501 insultare
339 2435 413 2508 solo,
435 2443 466 2496 et
487 2452 608 2511 gressus
628 2436 797 2511 glomerare
817 2436 968 2513 superbos.

171 2519 305 2594 Aequum
325 2521 450 2593 uterque
470 2516 574 2576 labor:
596 2531 686 2592 aeque
706 2514 898 2594 iuvenemque
918 2513 1056 2591 magistri

170 2594 352 2675 Exquiruut,
372 2593 555 2672 calidumque
574 2593 679 2654 animis
698 2599 729 2654 et
749 2594 882 2655 cursibus
901 2611 1022 2672 acrem;

171 2670 311 2746 Quamvis
331 2691 416 2749 saepe
435 2673 504 2750 luga
525 2689 628 2734 versos
647 2672 700 2733 ille
720 2673 818 2749 egerit
838 2675 951 2747 hostes,
1044 2672 1083 2720 ¹²¹¹

170 2756 212 2816 Et
233 2752 360 2832 patriam
380 2752 504 2830 Epirum
524 2752 647 2824 referat,
669 2752 818 2831 fortesque
838 2753 980 2831 Mycenas
991 2772 1001 2832 ;

171 2832 358 2911 Neptunique
378 2831 389 2893 i
408 2851 441 2894 sa
460 2835 583 2894 deducat
603 2831 718 2908 origine
737 2839 868 2909 gentem.

134 2912 185 2972 llis
205 2851 426 2986 animadversfs,
448 2910 560 2974 instant
580 2913 634 2971 sub
654 2918 781 2989 tempus,
805 2919 837 2972 et
856 2928 958 2975 omnes

169 2993 342 3069 Impendunt
362 3009 448 3058 curas
468 2994 556 3054 denso
576 2991 744 3053 distendere
763 2990 876 3070 pingui,

170 3074 263 3144 Quem
282 3071 384 3147 legere
403 3072 517 3143 ducem,
540 3078 570 3132 et
592 3071 691 3148 pecori
711 3069 813 3132 dixere
832 3070 997 3134 maritums
1040 3069 1082 3117 ¹²⁵

169 3151 373 3228 Pubentesque
392 3159 491 3211 secant
512 3151 629 3225 herbas,
652 3150 813 3228 fluviosque
833 3148 1016 3228 ministrant,

169 3231 342 3309 Farraqn03
365 3247 401 3295 ue
420 3230 525 3291 blando
545 3236 668 3307 nequeat
688 3247 841 3308 superesse
860 3230 976 3312 labori3

169 3309 351 3388 Invalidique
370 3316 488 3388 patrum
509 3308 639 3370 relerant
659 3307 765 3371 ieiunia
784 3310 866 3371 natis

169 3389 236 3467 Ipsa
255 3397 354 3450 autem
373 3387 466 3449 macie
486 3394 608 3450 tenuant
628 3395 761 3450 armenta
781 3389 927 3453 volentes.

170 3472 279 3556 Atque,
299 3467 349 3530 ubi
368 3467 539 3532 concubitus
558 3466 670 3556 primos
688 3467 748 3531 iam
767 3474 836 3534 uota
857 3470 995 3564 uoluptas
1040 3464 1082 3525 ¹3¹
