2514 4178
470 262 634 315 otonercou
653 270 741 318 amne
760 267 803 318 rt.
1072 255 1111 323 to

203 343 296 415 Crura
318 357 423 437 thymo
443 361 567 439 plenae3
589 370 747 438 pascuntur
773 370 804 425 et
825 364 930 427 arbuta
951 366 1069 444 passim,

201 436 242 495 Et
263 435 382 511 glaucas
401 442 506 503 salices
525 441 688 518 casiamque
708 459 882 520 crocumque
903 447 1078 524 rubentem

200 516 241 575 Et
262 514 399 593 pinguem
420 519 515 581 tiliam
536 528 567 581 et
586 519 771 597 ferrugineos
791 522 979 600 hyacinthos.

205 593 346 656 Omnibus
365 617 428 660 una
447 601 532 679 quies
551 618 686 676 operum,
709 604 795 661 tabor
813 604 947 663 manibus
967 623 1055 665 unus.

199 674 287 736 Mane
300 685 391 741 ruunt
404 678 500 759 portis
513 701 521 759 ;
536 696 677 758 nusquam
690 698 785 742 mora.
800 681 915 744 Rursus
927 685 1042 746 easdem
1072 683 1109 728 ¹⁸⁸

199 755 315 834 Vesper
335 759 384 818 nbi
404 778 421 818 e
441 767 528 838 pastu
548 763 666 822 tandem
688 763 828 822 decedere
842 765 952 840 campis

196 837 369 914 Admonuit,
390 845 455 901 tum
477 846 557 902 tecta
577 847 693 918 petunt,
714 847 779 901 tum
799 858 924 920 corpora
943 851 1058 906 curant.

196 916 249 978 Fit
270 917 396 989 sonitus,
416 927 605 998 mussantque
624 936 692 980 oras
712 927 743 980 et
764 920 865 980 limina
885 921 1007 983 circum.

196 996 283 1070 Post,
305 997 354 1059 nbi
374 998 435 1060 iam
456 999 597 1060 thalamis
617 1017 648 1060 se
667 1017 866 1078 composuere,
882 1001 988 1063 siletur

195 1076 228 1135 ln
250 1083 378 1154 noctem,
400 1079 548 1156 fessosque
568 1096 655 1156 sopor
675 1096 744 1140 suus
757 1087 877 1157 occupat
891 1089 985 1142 artus.
1069 1082 1107 1126 ¹9⁰

195 1157 259 1216 Nec
278 1175 351 1220 vero
372 1178 390 1220 a
409 1160 533 1221 stabulis
553 1157 654 1237 pluvia
673 1158 857 1235 impendente
876 1163 1017 1223 recedunt

194 1235 338 1314 Longius,
360 1245 412 1299 aut
432 1240 556 1299 credunt
576 1239 668 1312 caelo,
690 1239 914 1301 adventantibus
933 1242 1041 1302 Euris:

194 1318 253 1378 Sed
273 1317 384 1379 circum
404 1324 489 1380 tutae
509 1319 563 1379 snb
583 1319 732 1379 moenibus
752 1319 835 1380 urbis
854 1327 1010 1397 aquantur,
1074 1384 1077 1388 ,

193 1397 401 1477 Excursusque
421 1400 529 1459 breves
548 1404 676 1470 tentant,
698 1404 729 1458 et
751 1416 834 1475 saepe
854 1399 983 1477 lapillos,

193 1478 236 1536 Vt
257 1479 380 1554 cymbae
400 1477 552 1538 instabiles
572 1478 664 1537 fiuctu
678 1477 805 1538 iactante
819 1480 984 1554 saburram,
1066 1479 1104 1524 ¹9⁵

192 1557 338 1618 Tollunt:
359 1557 406 1619 his
427 1575 491 1618 sese
510 1575 564 1635 per
584 1556 678 1617 inania
699 1557 797 1617 nubila
822 1558 942 1619 librant.

192 1637 280 1696 illum
303 1638 374 1700 adeo
394 1636 538 1716 placuisse
559 1636 660 1714 apibus
680 1635 825 1696 mirabere
845 1655 970 1713 morem,
1029 1672 1042 1705 ι

192 1719 273 1788 Quod
294 1735 347 1777 nec
368 1717 522 1778 concubitu
541 1716 707 1792 indulgent,
729 1733 782 1776 nec
801 1735 924 1796 corpora
943 1736 1048 1796 segnes

191 1798 223 1856 ln
245 1799 392 1858 Venerem
413 1799 544 1871 solvunt,
567 1802 618 1856 aut
638 1795 716 1856 fetus
736 1795 852 1859 nixibus
871 1800 982 1861 edunt:

190 1876 304 1937 Verum
324 1877 405 1955 ipsae
425 1894 442 1936 e
461 1875 541 1938 foliis
561 1883 646 1936 natos
666 1884 698 1936 et
719 1877 856 1938 suavibus
870 1880 970 1938 herbis
1059 1876 1100 1923 ²⁰⁰

190 1956 249 2015 Ore
269 1957 393 2033 legunt:
414 1956 493 2035 ipsae
513 1972 615 2034 regem
634 1972 799 2034 parvosque
812 1955 944 2029 Quirites

190 2036 357 2110 Sufficiunt,
379 2038 527 2114 aulasque,
550 2044 581 2096 et
601 2053 686 2095 cerea
706 2054 798 2111 regna
819 2038 978 2113 refingunt.

190 2117 281 2194 Saepe
302 2115 392 2176 etiam
413 2115 494 2177 duris
515 2117 639 2178 errando
658 2114 688 2175 in
707 2115 903 2193 cotibusalas

150 2245 155 2254 .
190 2195 360 2271 Attrivere,
382 2198 520 2274 ultroque
540 2196 664 2257 animam
684 2197 739 2256 sub
758 2195 836 2255 fasce
855 2198 972 2256 dedere.

189 2276 301 2336 Tantus
320 2295 405 2336 amor
425 2277 546 2351 tiorum,
560 2283 591 2336 et
612 2274 770 2352 generandi
784 2274 880 2350 gioria
893 2276 1016 2337 mellis!
1058 2276 1100 2321 ²⁰⁵

189 2356 272 2432 Ergo
293 2355 371 2434 ipsas
391 2355 526 2434 quamvis
545 2354 664 2431 angusti
684 2353 828 2414 terminus
848 2355 914 2415 aevi

188 2435 326 2514 Excipiet
348 2436 453 2516 (neque
473 2435 550 2496 enim
570 2436 637 2512 plus
657 2440 792 2512 septuma
811 2433 929 2494 ducitur
950 2435 1069 2517 aestas),

187 2517 228 2574 At
248 2533 341 2592 genus
360 2515 530 2576 immortale
549 2520 659 2588 manet,
680 2514 847 2590 multosque
865 2531 921 2592 per
940 2533 1030 2577 annos

186 2596 255 2656 Stat
275 2595 395 2657 fortuna
414 2598 527 2669 domus,
550 2600 582 2655 et
601 2593 651 2655 avi
671 2599 861 2654 numerantur
882 2612 1016 2655 avorum.

186 2675 348 2738 Praeterea
368 2693 471 2752 regem
491 2694 547 2735 non
566 2673 609 2734 sic
628 2675 785 2750 Aegyptus
804 2679 837 2733 et
855 2672 958 2750 ingens
1057 2673 1097 2718 2¹⁰

186 2753 293 2832 Lydia,
315 2773 369 2815 nec
388 2755 486 2834 populi
507 2755 700 2827 Parthorum,
722 2760 774 2814 aut
794 2753 898 2812 Medus
918 2755 1084 2833 Hydaspes,

186 2835 362 2896 Observant.
385 2837 470 2911 Rege
490 2833 628 2894 incolumi
647 2849 729 2893 mene
749 2832 880 2892 omnibus
900 2851 957 2893 una
976 2842 1044 2894 est:

185 2913 312 2988 Amisso,
334 2933 441 2993 rupere
461 2915 562 2989 fidem,
583 2919 808 2989 constructaque
826 2912 917 2972 mella

185 2992 340 3072 Diripuere
360 2995 453 3072 ipsae,
475 3002 505 3056 et
525 3000 624 3054 crates
643 2994 762 3053 solvere
782 2992 929 3052 favorum.

184 3073 239 3133 Ille
260 3091 381 3152 operum
402 3082 519 3135 custos:
541 3073 627 3132 illum
646 3071 841 3143 admirantur,
863 3078 895 3131 et
916 3092 1015 3135 omnes
1053 3070 1095 3118 ²¹⁵

184 3152 383 3214 Circumstant
403 3153 526 3214 fremitu
547 3154 648 3228 denso,
669 3150 838 3230 stipantque
862 3151 1031 3230 frequentes
1042 3176 1051 3233 ς

184 3232 224 3292 Et
244 3250 330 3310 saepe
349 3235 493 3295 attollunt
512 3231 655 3305 humeris,
676 3238 707 3292 et
727 3248 850 3309 corpora
870 3232 949 3294 bello

184 3309 348 3387 Obiectant,
369 3314 559 3390 pulcramque
578 3317 682 3389 petunt
702 3329 756 3389 per
777 3312 899 3372 vulnera
912 3322 1051 3374 mortem.

152 3388 198 3448 llis
218 3389 332 3468 qnidam
353 3392 446 3468 signis
466 3399 554 3469 atque
574 3393 647 3452 haec
667 3391 800 3468 exempla
820 3392 947 3468 sequuti,

185 3468 256 3531 Esse
275 3470 377 3550 apibus
398 3479 515 3535 nartem
535 3470 650 3531 divinae
670 3472 778 3533 mentis
798 3478 829 3533 et
849 3472 973 3535 haustus
1051 3466 1093 3513 ²²⁰
