2514 4178
356 271 521 316 ohosoicort
542 269 632 317 hissa
652 272 685 316 11.

78 360 121 423 A:
142 358 225 421 rudis
245 358 353 421 enituit
372 359 499 437 impulso
519 377 639 420 vomere
662 375 792 436 campus.

78 441 157 500 Nam
176 438 272 500 ieiuna
292 439 408 517 quidem
429 438 532 500 clivosi
553 441 656 516 glarea
676 438 757 499 ruris

78 519 140 580 Vix
160 517 288 578 humiles
307 517 409 595 apibus
428 517 522 578 casias
542 536 698 596 roremque
718 516 889 578 ministrat:

77 599 119 658 Et
140 598 248 674 tophus
268 600 370 657 scaber
390 605 422 657 11
443 596 538 674 nigris
558 615 646 659 exesa
666 595 820 674 chelydris

78 677 186 737 Creta:
207 683 316 752 negant
336 675 410 737 alios
429 694 520 753 aeque
540 676 725 754 serpentibus
744 690 832 752 agros
949 667 991 715 ²¹⁵

77 756 202 817 Dulcem
222 754 301 815 terre
321 755 430 828 cibum,
452 763 483 815 et
503 773 609 816 curvas
631 757 771 832 praebere
792 754 933 814 latebras.

78 837 159 906 Quae
180 842 297 894 tenuem
317 835 437 895 exhalat
459 834 592 894 nebulam
613 833 763 913 fumosque
783 834 931 898 volucres,

78 915 120 974 Et
141 913 215 974 bibit
229 915 394 985 humorem,
409 920 452 986 et,
467 932 556 990 quum
571 913 648 985 vult,
663 932 701 974 ex
722 931 754 973 se
771 913 831 989 ipsa
846 910 989 988 remittit3

79 995 217 1071 Quaeque
236 1011 289 1054 suo
310 991 399 1053 viridi
419 1010 535 1068 semper
556 1010 588 1052 se
608 993 742 1068 gramine
762 991 865 1066 vestit,
974 1024 976 1029 ·

78 1073 143 1134 Nee
162 1071 257 1132 scabie
277 1078 309 1133 et
329 1073 406 1132 salsa
428 1072 517 1132 laedit
538 1071 670 1149 robigine
690 1072 815 1147 ferrum,
949 1064 992 1111 ²²⁰

79 1152 138 1214 Illa
157 1150 212 1213 tihi
232 1149 319 1212 laetis
338 1149 453 1212 intexet
474 1150 584 1211 vitibus
605 1151 721 1212 ulmos:

80 1231 138 1292 illa
157 1229 241 1291 ferax
261 1231 343 1290 oleae
364 1237 433 1290 est:
455 1229 538 1289 illam
558 1230 713 1308 experiere
733 1231 853 1290 colendo

80 1310 123 1370 Et
143 1308 259 1370 facilem
279 1309 378 1387 pecori
398 1316 429 1370 et
450 1309 610 1388 patientem
631 1309 760 1371 vomeris
782 1309 858 1369 unci.

80 1388 186 1449 Talem
206 1387 289 1450 dives
309 1394 375 1449 1111
396 1391 503 1465 Capua,
525 1397 557 1450 et
578 1388 672 1449 vicina
694 1390 810 1448 Vesevo

80 1470 141 1530 Ora
159 1467 241 1544 iugo,
263 1474 294 1527 et
318 1467 416 1529 vacuis
436 1467 555 1530 Clanius
574 1487 630 1528 non
649 1486 758 1545 aequus
778 1467 911 1528 Acerris.
952 1463 993 1509 2²³

45 1547 137 1620 Nune,
160 1566 216 1625 quo
236 1565 380 1625 quamque
400 1549 487 1608 modo
508 1547 599 1625 possis
619 1565 807 1624 cognoscere,
828 1547 933 1607 dicam.

81 1629 163 1688 Rara
182 1625 223 1687 sit
243 1643 280 1686 an
300 1643 390 1719 supra
410 1645 523 1687 morem
544 1626 569 1687 si
590 1630 677 1688 densa
698 1627 842 1703 requiras,

82 1707 189 1766 Altera
208 1704 364 1767 frumentis
385 1705 519 1785 quoniam
538 1707 631 1781 iavet,
653 1707 748 1767 altera
768 1707 895 1781 Baccho,

80 1786 178 1846 Densa
197 1783 293 1860 magis
313 1785 428 1859 Cereri,
450 1785 601 1846 rarissima
622 1803 750 1864 quaeque
770 1787 891 1864 Lyaeo:

80 1866 161 1925 Ante
180 1863 278 1924 locum
297 1862 394 1942 capies
414 1865 518 1939 oculis,
540 1865 657 1942 alteque
677 1865 789 1926 iubebis
953 1861 994 1906 ²³⁰

79 1943 114 2003 11
134 1941 228 2004 solido
248 1950 369 2020 puteum
389 1943 518 2018 demitti,
541 1963 712 2023 omnemque
732 1959 854 2022 repones

81 2023 212 2083 Rursum
232 2023 365 2095 humum,
387 2030 418 2084 11
439 2023 559 2100 pedihus
579 2042 708 2086 summas
728 2025 863 2102 aequabis
876 2039 990 2085 arenas:

80 2101 113 2162 Si
134 2102 269 2172 deerunt,
293 2119 406 2178 rarum,
430 2103 585 2182 pecorique
605 2110 635 2164 et
657 2103 768 2166 vitibus
787 2103 874 2165 almis

80 2180 189 2258 Aptius
209 2180 282 2240 uber
301 2180 380 2242 erit:
403 2182 497 2243 sinin
518 2201 570 2244 sua
591 2201 674 2260 posse
693 2184 839 2260 negabunt

80 2261 130 2319 Ire
150 2261 226 2334 loca,
248 2266 280 2320 et
299 2261 450 2322 scrobibus
469 2262 620 2340 superabit
641 2268 723 2324 terra
743 2262 877 2340 repletis,
951 2258 993 2304 ²³⁵

79 2338 198 2416 Spissus
217 2356 311 2416 ager:
333 2340 436 2416 glebas
454 2349 625 2403 cunctantes
646 2360 800 2418 crassaque
821 2349 908 2416 terga

79 2420 241 2495 Exspecta,
263 2425 294 2479 et
314 2420 421 2481 validis
442 2428 556 2481 terram
576 2421 729 2499 proscinde
750 2421 890 2482 iuvencis.

79 2498 164 2559 Salsa
184 2505 285 2559 autem
307 2498 408 2573 tellus,
430 2507 462 2561 11
482 2519 556 2579 quae
577 2501 749 2579 perhibetur
769 2518 881 2574 amara,

78 2577 231 2654 Frugibus
250 2577 373 2640 infelix:
395 2597 430 2639 ea
450 2599 502 2640 nee
522 2580 697 2641 mansuescit
716 2582 838 2649 arando,

78 2657 143 2720 Nec
163 2658 279 2719 Baccho
298 2675 401 2735 genus,
424 2667 476 2720 aut
495 2660 589 2737 pomis
609 2678 660 2721 sua
680 2659 795 2721 nomina
814 2662 928 2720 servat.
949 2651 992 2708 Ψ

78 2736 153 2797 Τ111
171 2737 252 2800 dabit
272 2736 438 2815 specimen:
460 2746 494 2799 tu
515 2740 608 2817 spisso
629 2739 737 2800 vimine
758 2740 859 2817 qualos
906 2783 907 2786 ,

78 2816 206 2895 Golaque
226 2817 395 2894 praelorum
416 2817 537 2879 fumosis
558 2817 659 2896 deripe
681 2820 789 2880 tectis:

78 2895 145 2956 Huc
163 2914 236 2972 ager
255 2895 309 2957 ille
329 2897 423 2958 malus
444 2899 599 2976 dulcesque
619 2917 637 2958 a
657 2898 786 2961 fontibus
807 2899 899 2959 undae

78 2975 127 3036 Ad
146 2976 264 3053 plenum
282 2975 453 3037 calcentur:
475 2996 549 3055 aqua
568 2978 747 3040 eluctabitur
768 2978 861 3039 omnis

78 3054 211 3129 Scilicet,
232 3063 264 3117 11
284 3056 411 3131 grandes
432 3056 514 3118 ibunt
535 3075 589 3135 per
609 3058 719 3119 vimina
742 3065 868 3138 guttae:
948 3053 992 3102 ⁸⁴⁸

79 3134 121 3195 A:
141 3151 228 3213 sapor
248 3133 385 3195 indicium
404 3134 492 3196 faciet
513 3137 695 3212 manifestus,
717 3146 748 3199 et
768 3157 821 3198 ora

79 3211 192 3275 Tristia
213 3219 379 3274 tentantum
399 3233 484 3276 sensu
506 3217 655 3294 torquebit
676 3235 806 3280 amaror.

80 3288 205 3368 Pinguis
223 3293 296 3354 item
317 3311 389 3371 quae
410 3294 450 3357 sit
472 3295 561 3356 tellus
582 3298 637 3357 hoc
656 3298 779 3376 denique
798 3304 884 3375 paeto

80 3370 246 3434 hiscimus:
267 3373 346 3433 hand
365 3392 490 3452 unquam
510 3373 642 3438 inanibus
660 3375 771 3440 iactata
790 3375 912 3452 fatiscit,

80 3450 138 3527 Sed
156 3449 229 3546 picis
247 3450 278 3514 iu
297 3469 411 3530 morem
431 3455 467 3517 ad
488 3454 598 3550 digitos
617 3456 755 3532 lentescit
775 3457 917 3532 babendo,
949 3451 991 3512 85⁰
