2520 4176
395 228 549 308 theonius,
568 234 635 317 ¹rico.
657 229 699 294 u.
963 203 1016 296 (31

108 321 264 401 Proetides
284 339 444 417 implerunt
463 338 545 400 falsis
565 337 726 414 mugitibus
746 355 855 415 agros:

107 421 150 480 at
169 427 307 483 nontam
326 418 423 497 turpis
442 419 584 497 pecudum
605 424 704 479 tamen
724 418 786 478 nlla
805 423 905 478 secuta
926 426 973 480 est

108 497 295 567 Concubitus,
315 497 448 576 quamvis
467 515 482 556 c
503 496 545 557 '¹0
564 495 716 558 timuisset
733 502 878 574 aratrum,
992 521 1019 566 aa

107 576 149 637 Et
169 593 255 654 saepe
274 577 304 637 in
325 578 385 638 levi
405 576 567 656 quaesisset
586 592 695 635 cornua
714 574 821 636 fronte

107 653 176 717 Ah!
198 655 286 732 virgo
306 655 420 730 infelix,
442 661 476 716 tu
495 672 570 714 nnnc
589 653 620 714 in
640 653 786 714 montibus
805 669 909 716 errasa

23 733 24 736 ’
107 733 176 803 Ille,
195 735 274 795 latus
294 733 412 796 niveum
431 732 516 794 molli
534 733 629 794 fultus
648 733 820 810 hyacintho,

107 812 180 872 llice
199 814 252 873 suh
271 813 358 890 nigra
376 812 520 891 pallentes
539 812 668 872 ruminat
682 812 800 886 herbas,

108 893 170 952 Aut
191 891 317 970 aliquam
337 892 368 952 in
388 909 493 969 magno
512 892 648 970 sequitur
673 907 780 969 grege.-
801 890 940 1031 (pianum

862 989 892 1034 m
913 973 978 1045 hae,
992 994 1021 1042 5⁵

108 1049 244 1112 Dictaeae
264 1049 432 1129 Nymphae,
453 1067 606 1111 nemorum
627 1049 685 1111 iam
706 989 970 1129 clauditeysalltus5

67 1184 71 1195 „
108 1129 140 1190 Sl
160 1148 216 1207 qua
235 1129 314 1190 forte
334 1130 429 1190 ierant
450 1129 542 1190 oeulis
562 1147 625 1190 sese
646 1128 733 1190 obvia
750 1126 862 1189 nostris
961 1179 963 1184 ⁴

107 1209 281 1270 Errahunda
300 1208 384 1270 bovis
404 1208 543 1284 vestigia.
564 1206 704 1269 Forsitan
723 1207 821 1279 illum,

107 1290 169 1348 Aut
189 1288 280 1348 herba
299 1295 416 1364 captum
436 1286 540 1360 viridi,
562 1296 614 1347 aut
634 1293 768 1346 armenta
787 1293 941 1362 secutum,
969 1337 970 1341 ,

68 1389 72 1418 1
108 1367 274 1427 Perducant
295 1366 408 1443 aliquae
428 1367 543 1425 stabula
562 1366 599 1425 ad
619 1364 753 1424 Gortinia
773 1381 890 1424 vaceae.
992 1389 1021 1436 ω

107 1447 183 1504 Tum
203 1443 280 1504 canit
301 1444 495 1520 Hesperidum
515 1444 653 1503 miratam
673 1442 750 1502 mala
769 1444 918 1520 puellam:
970 1496 971 1499 ,

107 1523 183 1583 Tum
205 1521 453 1583 Phaethontiadas
479 1539 579 1582 museo
598 1521 762 1581 circumdat
782 1539 898 1582 amarae

108 1601 245 1675 Gortieis,
266 1608 354 1679 atque
375 1603 437 1661 solo
458 1617 595 1678 proceras
614 1600 705 1676 erigit
726 1600 828 1660 alnos:
974 1664 976 1669 λ

107 1681 183 1740 Tum
202 1679 291 1752 canit,
314 1687 464 1740 errantem
485 1679 633 1740 Permessi
653 1680 690 1740 ad
710 1678 829 1740 fiumina
849 1680 968 1740 Gallum

106 1762 204 1821 Aonas
225 1758 254 1818 in
275 1760 383 1819 montis
404 1767 437 1819 ut
457 1757 576 1820 duxerit
597 1777 653 1818 una
673 1775 831 1833 sororum;
994 1783 1021 1828 05

106 1838 206 1916 thue
228 1838 293 1898 viro
314 1836 424 1898 Phoebi
444 1841 552 1899 chorus
572 1836 777 1899 adsurrexerit
798 1833 914 1915 omnis3

106 1918 150 1978 Vt
173 1918 261 1978 Linus
281 1919 352 1978 haec
373 1917 431 1991 illi,
453 1918 552 1979 divino
572 1916 702 1976 carmine
722 1922 835 1993 pastor,

106 1997 245 2057 Floribus
257 2004 346 2074 atque
365 1997 430 2074 apio
449 1996 546 2056 crines
565 2003 686 2073 ornatus
706 2012 817 2069 amaro,

106 2076 245 2137 Dixerit:
268 2076 404 2137 Hostili
425 2078 495 2138 dant
515 2076 652 2148 calamos,
674 2093 722 2148 en,
744 2074 853 2151 accipe,
874 2074 987 2148 Musae,

105 2157 233 2217 Ascraeo
253 2173 326 2234 quos
344 2163 418 2230 ante
433 2154 507 2227 seni,
529 2154 633 2233 quibus
652 2153 706 2213 ille
727 2154 840 2214 solebat
994 2176 1022 2222 70

106 2235 254 2295 Cantando
274 2233 386 2312 rigidas
407 2235 549 2295 deducere
568 2232 715 2293 montibus
735 2249 833 2292 ornos.

107 2313 162 2374 His
181 2312 237 2372 tibi
257 2313 369 2390 Grynei
390 2312 519 2373 nemoris
539 2311 653 2372 dicatur
674 2311 771 2387 origo,

107 2391 154 2452 Ne
174 2390 239 2467 quis
259 2389 299 2452 sit
319 2392 414 2464 lucus,
436 2409 492 2469 quo
512 2407 544 2451 se
564 2390 631 2466 plus
650 2389 741 2450 iactet
762 2388 882 2465 Apollo.

108 2467 183 2542 Quid
203 2470 317 2548 loquar,
338 2476 373 2530 ut
393 2470 526 2546 Scyllam
545 2467 623 2541 Nisi,
645 2486 731 2545 quam
750 2466 826 2527 lama
839 2473 940 2530 secuta
961 2473 1019 2543 est,

107 2547 235 2610 Candida
253 2547 431 2609 succinctam
451 2546 629 2609 latrantibus
648 2546 765 2622 inguina
785 2546 928 2607 monstris
983 2571 1021 2614 aa

93 2625 258 2689 “Dulichias
277 2644 400 2689 vexasse
420 2634 514 2700 rates,
535 2633 567 2686 et
587 2625 708 2702 gurgite
727 2625 759 2686 in
778 2625 841 2686 alto
1019 2690 1021 2695 ,

106 2705 176 2769 ahl
198 2704 317 2767 timidos
336 2713 441 2767 nautas
460 2706 578 2766 canibus
597 2705 740 2765 lacerasse
760 2701 903 2766 marinisi
1019 2706 1022 2715 “

106 2788 170 2849 hut
188 2791 223 2847 ut
241 2792 372 2848 mutatos
392 2785 479 2846 Terei
498 2784 667 2846 narraverit
688 2789 784 2854 artus,

107 2866 185 2937 Quas
202 2863 250 2924 illi
271 2863 436 2926 Philomela
455 2864 553 2942 dapes,
576 2881 649 2942 quae
669 2865 742 2923 dona
761 2859 888 2941 pararit,
931 2931 933 2935 ἲ

107 2946 170 3017 Quo
190 2961 279 3005 eursu
299 2946 416 3005 deserta
437 2943 590 3022 petiverit,
612 2950 643 3003 et
664 2942 767 3021 quibus
787 2948 855 3002 ante
905 3011 907 3016 ,
941 2941 944 2950 '
992 2963 1022 3012 ω

106 3023 213 3084 Infelix
232 3039 285 3085 sua
304 3028 385 3085 tecta
403 3021 665 3101 supervolitaverit
685 3020 764 3081 alisi

108 3100 212 3165 Omnia
231 3118 316 3178 quae,
338 3102 456 3162 Phoebo
476 3101 620 3178 quondam
639 3101 817 3170 meditante,
836 3101 943 3163 heatus

107 3178 211 3243 tuum
230 3181 370 3255 Eurotas,
392 3178 533 3258 iussitque
553 3179 685 3241 ediscere
704 3180 814 3251 lauros,
891 3181 893 3213 ³

107 3258 164 3321 Ille
182 3258 282 3337 eanit3
303 3258 404 3338 pulsae
422 3259 554 3319 referunt
574 3260 611 3318 ad
630 3258 729 3319 sidera
748 3259 871 3319 vallese

106 3339 221 3416 (legere
240 3338 330 3398 donee
348 3354 420 3400 oves
438 3337 563 3400 stabulis
581 3354 791 3416 numerumque
811 3338 927 3400 reierre
991 3357 1022 3409 ss

107 3417 209 3494 Iussit,
231 3421 263 3478 et
282 3414 541 3498 invito-processit
561 3417 676 3499 Vesper
697 3417 835 3499 Olympo.
