2514 4178
154 213 190 269 >b
505 220 535 266 e.
555 218 679 266 vmorun
698 219 734 266 u.

189 312 240 373 Bis
260 319 393 388 segetem
412 308 509 373 densis
527 313 673 374 obducuut
694 310 824 374 sentibus
844 312 976 374 herbaea

189 394 289 453 Durus
308 400 432 469 uterque
452 392 556 452 labor:
578 393 697 453 laudato
716 391 846 468 ingentia
866 410 951 460 rura,

190 469 339 547 Exiguum
359 471 469 531 colito:
492 489 544 531 nec
564 491 620 531 non
640 470 730 532 etiam
751 488 855 548 aspera
875 472 955 531 rusci

190 550 308 611 Vimine
329 568 382 627 per
401 548 519 624 silvam,
540 558 571 611 et
593 549 666 627 ripis
687 550 817 611 fluvialis
837 552 948 610 arundo

190 630 341 702 Caeditur,
364 629 524 708 incultique
543 637 663 691 exercet
684 648 755 691 cure
776 629 885 691 salicti.
1060 630 1103 675 440

190 711 252 770 lum
275 708 389 769 vinctae
409 708 498 781 vites,
520 708 578 769 iam
599 708 703 769 falcem
723 710 844 770 arbusta
863 713 1023 786 reponunt,

190 790 252 850 lam
272 788 349 848 canit
369 795 520 848 extremos
540 789 645 849 effetus
664 788 776 855 vinitor
797 795 899 850 autesz

190 867 379 928 Sollicitanda
401 875 499 928 tamen
519 869 621 940 tellus,
642 867 797 945 pulvisque
818 867 1000 946 movendus3

191 950 230 1007 Et
252 947 307 1006 inm
331 945 454 1007 maturis
474 949 646 1007 metuendus
666 946 800 1025 luppiter
820 946 897 1007 uvis.
980 972 981 975 ¹

151 1028 272 1096 Contra,
292 1045 347 1085 non
369 1026 429 1086 ulla
449 1034 496 1085 est
516 1027 588 1087 oleis
608 1027 737 1101 cultura,
759 1044 851 1105 neque
870 1025 941 1086 illae
1062 1025 1104 1069 400

191 1108 372 1166 l'roeurvam
394 1113 567 1184 exspectant
588 1105 692 1166 falcem
712 1113 884 1185 rastrosque
905 1112 1035 1180 tenaces,

190 1189 284 1256 Quum
306 1185 396 1244 semel
416 1187 574 1246 haeserunt
595 1185 676 1245 arvis
697 1203 840 1263 aurasque
860 1185 1018 1264 tulerunt3

189 1266 254 1342 ipsu
275 1264 348 1324 satis
368 1265 471 1332 tellus,
492 1283 581 1341 quum
601 1266 688 1324 dente
708 1263 874 1324 recluditur
898 1281 981 1335 unco,

190 1343 304 1405 Sufficit
327 1345 479 1404 humorem
499 1351 530 1404 et
551 1344 691 1419 gravidas
710 1363 776 1403 cum
798 1361 918 1403 vomere
939 1343 1053 1420 fruges.

190 1426 252 1483 lloc
273 1422 409 1500 pinguem
429 1431 460 1483 et
480 1423 622 1500 placidam
646 1424 714 1483 Paci
735 1421 866 1484 nutritor
887 1422 1009 1483 olivam.
1064 1419 1107 1466 ⁴²⁵

151 1504 243 1564 Poma
264 1520 387 1581 quoque,
410 1511 442 1564 ut
464 1503 591 1580 primum
613 1510 732 1563 truncos
753 1519 870 1562 sensere
891 1503 1027 1564 valentes

191 1586 231 1642 Et
252 1584 333 1642 vires
353 1584 481 1642 habuere
501 1601 581 1652 suas,
600 1584 637 1642 ad
658 1582 753 1642 sidera
774 1582 885 1659 raptim

191 1662 229 1721 t'i
252 1661 369 1739 propria
389 1663 536 1729 nituntur,
557 1661 676 1739 opisque
696 1663 772 1722 haud
793 1660 891 1738 indiga
910 1668 1041 1723 nostrae.

191 1744 253 1802 Nec
274 1742 367 1802 minus
388 1742 500 1801 interea
521 1741 584 1800 setu
603 1760 705 1801 nemus
725 1760 808 1801 omne
828 1740 993 1817 gravescit,

192 1821 421 1899 Sangniueisque
441 1820 551 1880 inculte
572 1821 677 1881 rubent
699 1820 809 1881 aviaria
830 1819 947 1881 baccis:
980 1872 983 1874 .
1063 1820 1106 1865 ⁴³⁰

191 1902 361 1959 'l'ondentur
382 1900 483 1977 cytisi,
506 1901 605 1960 taedas
627 1901 702 1960 silva
723 1901 785 1959 alta
806 1899 969 1972 ministrat,

192 1980 414 2057 Pascunturque
434 1979 517 2054 ignes
536 1979 669 2038 nocturni
691 1986 722 2039 et
744 1980 853 2038 lumina
874 1978 1008 2039 fundunt.

191 2060 232 2118 lit
253 2057 387 2119 dubitant
408 2059 538 2118 homines
558 2075 658 2117 serere
679 2065 766 2136 atque
786 2057 955 2134 impendere
975 2057 1105 2118 curarat

192 2138 264 2207 Quid
288 2137 396 2196 maiora
417 2136 546 2214 sequani
566 2137 671 2198 salices
691 2137 873 2214 humilesque
893 2144 1045 2214 genestae,

191 2223 251 2276 Aut
274 2216 341 2276 illae
362 2218 459 2294 pecori
479 2216 612 2277 frondem
633 2224 684 2277 aut
708 2216 876 2294 pastoribus
896 2218 1016 2278 umbras
1064 2215 1108 2260 ⁴³⁵

191 2295 357 2372 Sufficiunt,
378 2314 551 2374 saepemque
571 2295 656 2370 satis,
678 2304 710 2358 et
731 2298 835 2373 pabula
854 2296 948 2356 melli.

192 2378 232 2434 lit
254 2374 335 2437 iuvat
357 2377 511 2437 undantem
532 2377 609 2435 buxo
630 2382 764 2453 spectare
783 2375 941 2452 Cytorum,

190 2455 394 2534 Naryciaeque
414 2454 488 2532 picis
507 2456 609 2531 lucos3
631 2454 714 2515 iuvat
735 2471 807 2514 arva
827 2454 930 2515 videre

190 2535 255 2594 Non
277 2535 394 2608 rastris,
416 2534 564 2595 hominum
585 2552 641 2594 non
662 2534 715 2594 ulli
736 2533 860 2595 obnoxia
879 2551 979 2594 curae.

190 2616 272 2690 Ipsae
293 2614 430 2674 Caucasio
449 2613 569 2674 steriles
589 2611 619 2672 in
640 2613 754 2674 vertice
773 2611 875 2685 silvae,
1062 2613 1108 2657 440

189 2697 267 2764 Quas
286 2693 407 2754 animosi
428 2692 502 2753 Euri
521 2692 637 2753 assidue
656 2692 852 2770 franguntque
873 2690 1040 2772 feruntque,

189 2775 266 2831 Dant
287 2773 360 2833 alios
379 2773 455 2835 aliae
475 2772 574 2850 tetus3
596 2773 666 2833 dant
686 2772 760 2832 utile
781 2770 896 2847 lignum

188 2851 326 2928 Navigiis
345 2852 439 2930 pinos,
462 2851 595 2912 domibus
615 2851 792 2929 cedrumque
812 2867 1036 2928 oppressosque.

189 2930 267 2989 llinc
288 2932 384 2991 radios
407 2933 520 2991 trivere
540 2931 626 3001 rotis,
649 2929 716 2989 hinc
737 2939 875 3006 tympana
898 2931 1041 3004 plmtstris

185 3011 366 3086 Agricolae,
388 3020 418 3071 ct
440 3012 545 3087 pandas
565 3010 678 3070 ratibus
698 3028 820 3086 posuere
841 3008 964 3070 carinas
1069 3006 1109 3053 400

189 3088 366 3151 V‘minibus
384 3091 487 3150 salices
508 3090 656 3162 fecundae,
677 3087 825 3148 frondibus
848 3088 942 3148 ulmis

189 3174 229 3231 nt
252 3171 359 3230 mirtus
379 3169 484 3229 validis
505 3169 671 3240 hastilibus,
693 3175 724 3227 et
744 3169 817 3228 bona
837 3168 916 3227 bello

189 3252 322 3324 Cornus;
345 3247 473 3307 ituraeos
494 3247 557 3307 taxi
578 3253 753 3324 torquentur
773 3245 803 3305 in
823 3264 920 3307 arcus.

188 3329 251 3388 Nec
272 3327 354 3389 tiliae
373 3328 456 3388 leves
475 3335 526 3386 aut
548 3333 633 3386 toruo
654 3325 743 3386 rasile
764 3327 873 3386 buxum

190 3409 254 3469 Non
275 3408 400 3469 formam
419 3405 575 3483 accipiunt,
597 3406 733 3483 ferroque
753 3413 896 3466 cavantur
915 3413 1015 3468 acuto.
1070 3407 1109 3458 ⁴⁵⁸
