2514 4178
223 293 240 354 3
587 311 616 353 r.
639 310 762 353 v1uc1un
783 306 817 351 u.

260 397 380 457 Stultus
399 413 455 473 ego
476 395 543 456 huie
563 404 682 456 nostrae
706 396 846 463 similem,
867 414 923 471 quo
944 412 1030 473 saepe
1051 395 1173 456 solemus

263 475 401 536 Pastores
422 474 522 535 ovium
542 481 660 534 teneros
681 475 828 550 depellere
849 472 936 533 fetus.

260 552 310 613 Sio
330 554 447 614 canibus
467 554 581 614 catulos
601 553 724 625 similes,
746 553 787 612 sie
807 553 951 613 matribus
972 554 1078 612 haedos

262 631 391 708 Noram3
413 632 456 691 sic
476 632 575 708 parvis
595 650 766 708 componere
788 649 891 707 magna
912 633 1050 691 solebam.

262 710 376 772 Verum
397 712 468 771 haee
489 719 604 770 tantum
625 712 699 770 alias
719 711 797 769 inter
810 717 897 786 caput
911 711 1020 770 extulit
1036 712 1122 770 urbes
1150 733 1174 774 α,

263 791 410 860 Quantum
430 791 510 849 lenta
530 791 625 850 solent
646 790 724 849 inter
746 791 868 848 viburna
889 790 1029 866 cupressi.

226 865 275 925 M.
297 870 338 928 Et
359 888 433 946 quae
452 876 536 928 tanta
556 869 612 933 fuit
633 871 759 928 Romam
780 868 834 927 tibi
855 886 940 927 cansa
960 867 1096 926 videndil

231 945 262 1004 T.
285 947 441 1023 Libertas3
464 966 547 1023 quae,
570 965 648 1020 sera,
671 955 768 1006 tamen
789 946 920 1023 respexit
941 946 1078 1017 inertem,

265 1026 417 1086 Candidior
438 1033 592 1102 postquam
611 1027 744 1086 tondenti
764 1026 854 1085 barba
874 1026 1015 1098 cadebat3

263 1104 408 1178 Respexit
429 1112 538 1176 tamen,
562 1112 593 1164 et
613 1106 701 1180 longo
722 1112 787 1181 post
810 1112 941 1181 ternpore
963 1105 1054 1174 venit,
1151 1128 1175 1168 an

263 1183 424 1259 Postquam
444 1202 496 1242 uos
516 1185 682 1260 Amaryllis
702 1185 801 1257 habet,
825 1185 947 1243 Galatea
961 1183 1093 1258 reliquit.

260 1261 406 1339 Namque,
426 1261 540 1323 fatebor
561 1262 649 1333 enim,
672 1263 740 1322 dum
761 1281 808 1322 me
828 1265 950 1322 Galatea
965 1265 1095 1328 tenebat,

260 1339 323 1399 Nec
343 1359 409 1417 spes
429 1341 577 1401 libertatis
597 1348 673 1411 erat,
696 1361 748 1400 uee
768 1360 839 1400 cura
860 1340 965 1419 peculi.

261 1420 401 1490 Quamvis
422 1421 514 1480 multa
535 1419 607 1499 meis
627 1421 724 1481 exiret
746 1422 866 1480 victima
885 1419 1006 1497 saeptis,

261 1498 384 1575 Pinguis
404 1506 434 1558 et
456 1498 589 1575 ingratae
608 1508 795 1576 premeretur
815 1519 916 1560 caseus
937 1500 1014 1570 urbi,
1152 1524 1175 1563 as

261 1577 326 1636 Non
349 1597 473 1655 uuquam
494 1579 596 1653 gravis
617 1597 685 1638 aere
707 1583 824 1639 domum
839 1580 911 1637 mihi
925 1581 1031 1638 dextra
1048 1579 1172 1635 redibat.

228 1656 268 1714 M.
291 1657 434 1728 Mirabar,
456 1658 525 1733 quid
545 1666 656 1718 moesta
678 1661 764 1730 DeoS,
787 1659 947 1734 Amarylli,
972 1676 1104 1729 vocares,

261 1734 313 1794 Cui
334 1737 461 1812 pendere
481 1754 533 1795 sua
553 1737 699 1814 patereris
720 1739 749 1796 in
769 1741 876 1796 arbore
898 1755 1004 1813 poma;

261 1813 387 1890 Tityrus
406 1815 473 1873 hine
494 1816 606 1875 aberat.
629 1816 711 1892 Ipsae
725 1824 766 1889 te,
789 1816 910 1892 Tytire,
934 1815 1028 1892 pinus,

261 1893 320 1970 Ipsi
341 1894 497 1967 tolentes,
519 1895 582 1970 ipsa
602 1897 674 1954 haec
694 1897 816 1954 arbusta
831 1897 982 1955 vocabant.
1149 1919 1175 1960 <o

229 1972 261 2031 T.
284 1971 359 2042 Quid
380 1970 528 2031 facerem?
550 1991 640 2050 neque
661 1973 785 2033 servitio
806 1991 853 2032 me
874 1974 956 2032 exire
978 1973 1094 2045 licebat,

262 2050 406 2109 Nectum
427 2058 594 2127 praesentes
614 2051 685 2110 alibi
704 2070 880 2126 cognoscere
900 2053 1002 2111 Divos

261 2129 317 2187 Hic
337 2129 422 2187 illum
443 2129 504 2188 vidi
525 2129 671 2204 iuvenem,
694 2131 850 2199 Meliboee,
871 2131 1024 2208 quotannis

257 2200 309 2268 Bis
329 2225 413 2268 senos
433 2207 480 2266 cui
500 2215 600 2268 nostra
621 2209 682 2270 dies
702 2211 809 2270 altaria
830 2212 952 2271 sumant.

262 2287 318 2346 Hie
339 2286 411 2346 mihi
432 2304 601 2363 responsum
624 2289 735 2365 primus
756 2289 835 2350 dedit
855 2290 907 2348 ille
921 2289 1055 2366 petenti:
1152 2318 1177 2357 ω

263 2367 389 2440 Pascite,
413 2373 546 2440 utente,
569 2369 669 2443 boves,
692 2368 776 2446 pueri
790 2392 797 2445 3
813 2368 981 2429 submittite
1005 2376 1113 2430 tauros,

228 2444 269 2503 M.
291 2446 455 2506 Fortunate
475 2463 575 2520 senex,
598 2464 670 2524 ergo
693 2456 744 2508 tua
756 2466 828 2508 rura
848 2448 1024 2508 manebunt!

262 2527 302 2585 Et
324 2523 378 2583 tibi
398 2542 504 2602 magua
523 2527 607 2599 satis,
629 2527 764 2604 quamvis
783 2528 857 2604 lapis
878 2528 973 2588 omnia
994 2528 1085 2587 nudus

262 2603 436 2682 Limosoque
455 2605 539 2682 palus
559 2607 682 2666 obducat
705 2625 807 2683 pascua
829 2607 922 2666 iunco.

262 2683 329 2742 Nou
349 2683 462 2743 insueta
475 2701 583 2759 graves
603 2687 758 2746 tentabunt
780 2686 883 2762 pabula
904 2686 990 2759 fetas,
1150 2710 1177 2752 αα

262 2762 325 2821 Ναα
345 2762 424 2822 mala
444 2762 532 2834 vieini
553 2764 667 2839 peeoris
688 2765 822 2840 contagia
843 2765 970 2824 laedent.

262 2843 426 2900 Fortunate
446 2859 546 2914 senex,
569 2842 616 2901 hic
637 2842 715 2902 inter
736 2844 855 2902 flumina
876 2851 945 2904 nota

263 2921 305 2980 Et
324 2919 420 2979 fontes
440 2937 539 2980 saeros
559 2919 653 2997 frigus
674 2922 803 2997 captabis
823 2941 964 2999 opaeum3

263 2999 338 3057 Hine
358 2997 424 3074 tibi,
446 3017 520 3076 quae
540 3015 655 3076 semper
676 3000 770 3060 vicino
790 3003 826 3061 ab
847 3001 942 3061 limite
963 3021 1064 3082 saepes

263 3076 406 3154 Hyblaeis
426 3077 527 3154 apibus
549 3078 654 3138 florem
676 3082 795 3156 depasta
814 3080 924 3150 salicti,
1147 3106 1175 3149 us

263 3158 355 3233 Saepe
375 3156 436 3215 levi
456 3174 588 3217 somnum
608 3158 742 3219 suadebit
755 3159 830 3219 inire
851 3179 994 3237 susurro;

262 3234 337 3295 Hine
355 3235 418 3294 alta
442 3237 496 3295 sub
515 3254 589 3313 rupe
608 3244 691 3298 canet
710 3237 864 3300 frondator
884 3241 921 3300 ad
941 3259 1048 3319 auras3

261 3314 325 3374 Nee
345 3321 444 3374 tamen
463 3314 577 3376 interea
597 3335 711 3392 raucae,
734 3324 786 3378 tua
805 3336 886 3392 eura,
908 3321 1071 3396 palumbes,

261 3391 324 3454 Nee
343 3411 462 3468 gemere
482 3392 562 3457 adria
580 3395 705 3457 cessabit
726 3402 828 3458 turtur
849 3398 885 3456 ab
905 3400 995 3457 ulmo.

230 3473 260 3532 Τ.
285 3474 362 3534 Ante
382 3473 465 3536 leves
485 3490 557 3552 ergo
570 3483 726 3553 pascentur
746 3475 776 3536 iu
796 3479 917 3538 aethere
936 3478 1031 3549 cervi,
1148 3507 1177 3548 αα
