2514 4178
151 294 187 360 ts
508 315 535 360 r.
558 315 681 360 vanornn
706 315 740 359 11.

189 406 306 470 Libavit
327 408 502 486 quadrupes,
525 425 577 466 nec
598 408 740 482 graminis
761 405 867 484 adtigit
891 407 1025 468 herbam.

187 486 312 564 Daphni,
336 494 419 547 tuum
442 489 554 546 Poenos
574 486 663 546 etiam
683 487 860 562 ingemmsse
881 487 980 548 leones

188 565 358 639 Interitum‚
381 573 550 642 montesque
565 565 620 623 feri
641 565 791 642 silvaeque
812 567 983 643 loquuntur.

188 644 316 723 Daphnis
335 653 367 706 et
387 646 542 706 Armenias
561 663 649 704 curru
670 646 848 720 subiungere
867 644 963 719 tigres

189 723 343 860 Instituit:
367 725 495 801 Daphnis
515 724 627 784 thiasos
648 723 784 784 inducere
806 725 924 797 Bacchi,
1080 753 1101 796 3(

189 803 328 863 Etfoliis
349 803 445 864 lentas
459 803 594 863 intexere
613 803 751 863 mollibus
772 804 883 863 hastae.

189 881 270 941 Vitis
291 889 325 942 ut
312 882 498 943 tarboribus
520 882 618 944 decori
635 889 693 953 est,
716 890 750 943 ut
771 882 815 941 vit
805 882 882 942 tibus
900 901 986 953 uvae,

188 959 232 1020 Vt
252 961 393 1037 gregibus
414 960 504 1035 tauri,
525 969 609 1037 seget
611 979 642 1021 61
663 969 696 1021 ut
716 961 871 1041 pinguibus
891 962 984 1033 arvis,

188 1040 234 1098 Tu
255 1042 342 1100 decus
355 1058 438 1101 omne
460 1040 528 1102 tuis.
550 1042 711 1118 Postquam
733 1048 764 1101 16
784 1040 844 1101 iata
865 1041 1010 1116 tulerunt,

188 1117 255 1194 Ipsa
276 1120 364 1180 Pales
384 1137 472 1196 agros
493 1128 580 1198 atque
600 1119 662 1196 ipse
683 1119 803 1197 reliquit
824 1119 942 1195 Apollo.
1077 1147 1104 1191 ³5

187 1198 316 1259 Grandia
337 1217 422 1276 saepe
443 1198 547 1277 quibus
567 1198 767 1260 mandavimus
788 1199 898 1259 hordea
918 1196 1023 1272 sulcis,

188 1275 295 1338 Infelix
318 1278 420 1338 lolium
440 1283 506 1339 cts
509 1278 611 1339 teriles
632 1285 789 1338 nascuntur
810 1295 929 1337 avenae

189 1354 253 1417 Pro
275 1356 358 1417 molli
379 1357 469 1428 viola,
490 1375 545 1435 pro
566 1375 713 1450 purpureo
733 1356 861 1416 narcisso

187 1435 370 1498 Carduust
340 1444 370 1497 et
391 1435 481 1513 spinis
501 1437 598 1512 surgit
619 1437 750 1513 paliurus
770 1435 875 1496 acutis.

188 1514 327 1593 Spargite
347 1516 469 1575 humum
486 1515 574 1590 foliis,
597 1515 725 1575 inducite
745 1514 871 1575 fontibus
890 1517 1020 1591 umbras,
1077 1545 1104 1587 qa

189 1595 350 1655 Pastores:
373 1596 490 1654 mandat
512 1594 578 1653 fieri
600 1594 654 1654 sibi
675 1595 747 1655 talia
767 1593 920 1671 Daphnis;

188 1675 229 1734 llt
250 1674 397 1734 tumulum
417 1673 526 1749 facite3
549 1682 580 1735 et
601 1675 715 1734 tumulo
735 1673 924 1750 superaddite
944 1693 1080 1736 carmen:

189 1752 317 1830 Daphnis
337 1770 393 1829 ego
412 1752 441 1811 in
462 1752 558 1822 silvis,
579 1753 646 1812 hinc
668 1771 757 1831 usque
778 1755 814 1812 ad
833 1751 931 1813 sidera
952 1761 1049 1831 notus,

189 1831 324 1892 Formosi
345 1831 458 1910 pecoris
479 1839 588 1905 custos,
611 1832 766 1892 formosior
788 1832 862 1910 ipse

152 1911 212 1971 Mc.
235 1911 306 1971 Tale
327 1918 411 1972 tuum
431 1929 548 1971 carmen
568 1911 661 1981 nobis,
675 1911 772 1972 divine
793 1919 890 1987 poeta,
1076 1940 1104 1984 to

188 1990 281 2062 Quale
300 2007 387 2068 sopor
406 1989 518 2050 161111
510 2008 539 2049 ru
559 1991 703 2084 gramine,
726 1989 808 2084 quale
833 2008 894 2083 por
906 1999 1020 2050 aestum

187 2067 290 2130 Dulcis
310 2087 399 2146 aquae
419 2069 600 2130 salientet
561 2070 600 2130 sit
602 2070 643 2129 im
663 2071 851 2146 restinguere
862 2069 957 2130 rivo:

186 2149 249 2210 Nec
268 2149 389 2208 calamis
408 2148 503 2208 solum
522 2149 703 2243 aequiparas,
726 2152 777 2211 sed
797 2167 870 2209 voce
890 2167 936 2208 ma
939 2148 1080 2225 gistrum.

187 2228 351 2289 Fortunate
371 2245 455 2305 pur
476 2235 510 2287 tu
530 2247 604 2288 nunc
624 2229 683 2288 eris
703 2230 781 2289 alter
801 2230 837 2288 ab
857 2225 922 2288 illo.

187 2307 250 2368 Nos
263 2313 360 2367 tamen
373 2309 442 2366 haec
456 2325 634 2400 quocumque
648 2311 734 2369 modo
748 2308 801 2368 tibi
815 2317 916 2368 nostra
933 2306 1060 2368 vicissim
1073 2335 1102 2377 50

187 2387 333 2460 Dicemus,
356 2385 545 2465 Daphninque
569 2393 650 2448 tuum
671 2389 808 2448 tollemus
829 2391 865 2448 ad
887 2395 989 2464 astra;

186 2463 320 2542 Daphnin
334 2466 369 2525 ad
382 2474 464 2526 astra
479 2467 627 2542 ieremus5
642 2467 753 2527 amavit
767 2485 942 2548 nosquoque
958 2467 1096 2544 Daphnis.
1146 2539 1148 2542 Ι

151 2543 211 2604 blo.
235 2549 281 2603 An
294 2545 449 2622 quidquam
468 2545 551 2606 nobis
571 2511 627 2606 tali'
646 2547 686 2606 sit
707 2564 827 2606 munere
848 2543 964 2650 maiust
1153 2559 1156 2567 “

185 2626 319 2702 Etpuer
338 2623 400 2701 ipse
420 2623 476 2683 11111
464 2625 610 2686 16111111
631 2625 747 2701 dignus,
770 2633 800 2684 et
822 2625 911 2685 ista

184 2703 247 2764 Iam
267 2703 380 2780 pridem
401 2703 544 2764 Stimicon
564 2703 833 2765 laudavitcarmina
854 2702 993 2764 nobis
1047 2731 1060 2736 ··
1073 2729 1100 2774 11
1129 2708 1130 2713 ’

152 2781 208 2840 Mc.
231 2783 374 2841 Candidus
394 2781 540 2842 insuetum
562 2782 689 2843 miratur
710 2785 798 2843 llmen
819 2779 1012 2859 Olympif‘*

185 2862 245 2919 Sub
260 2861 440 2938 pedibusque
461 2861 543 2921 videt
564 2863 654 2922 nubes
674 2870 705 2924 61
725 2863 822 2923 sidera
842 2855 1048 2938 Daphnis

184 2941 266 3015 Ergo
287 2939 393 3000 alacris
413 2939 504 2998 silvas
524 2946 554 3000 et
576 2947 676 3001 cetera
697 2959 768 3001 rura
789 2943 925 3017 voluptas

185 3019 320 3094 Panaque
339 3025 528 3110 pastoresque
549 3026 630 3081 tenet
650 3021 841 3098 Dryadasque
860 3021 986 3097 puellas.

183 3098 245 3157 Nec
265 3097 351 3174 lupus
371 3095 488 3157 insilias
508 3099 618 3174 pecori,
640 3116 694 3159 nec
707 3099 783 3160 retia
803 3098 901 3158 corvis
1069 3123 1099 3169 to

184 3177 254 3237 Vlla
274 3176 373 3235 dolum
393 3176 594 3237 meditantur·
617 3186 694 3239 amat
710 3180 800 3238 bonus
820 3179 881 3237 otia
900 3178 1074 3256 Daphnis·

184 3254 242 3331 Ipsi
262 3256 323 3314 laet
310 3253 377 3314 titia
399 3273 486 3314 voces
506 3257 653 3315 adsidere
673 3258 784 3318 iactant

182 3332 294 3394 Intonsi
313 3340 394 3393 mont
396 3351 447 3394 es·
440 3335 550 3412 ,ipsae
569 3335 628 3395 iam
648 3337 776 3396 carmina
796 3353 895 3414 rupes

182 3413 248 3504 Ipsa
268 3420 371 3472 sonant
392 3379 533 3474 arb'nsta:
555 3415 644 3488 Deus,
666 3416 745 3475 Deus
764 3415 827 3488 1116,
850 3415 1003 3478 Menalca!

182 3489 230 3555 Sis
250 3492 342 3570 bonus
362 3509 379 3553 ο
398 3492 554 3599 felixque
547 3493 626 3581 tuis!
649 3512 685 3554 en
696 3501 830 3598 quatuor
851 3510 936 3574 arasa
1056 3514 1096 3583 ¹qa
