2514 4178
400 251 561 306 etoucrceu
581 251 669 306 raeda
690 254 710 306 i.
992 234 1032 306 35

126 347 302 426 Agricolae:
323 348 445 410 hiberno
465 350 625 411 laetissima
646 351 769 428 pulvere
788 349 884 425 sarra,

124 432 234 491 Laetus
253 445 345 505 ager;
366 429 448 488 nullo
467 436 582 490 tautum
603 446 635 491 se
655 427 752 504 Mysia
772 430 856 490 cultu

124 512 230 580 lactat,
252 515 283 568 et
302 506 365 584 ipsa
385 524 451 567 suas
471 509 618 569 mirantur
641 510 776 583 Gargara
796 523 918 571 messes.

124 587 198 659 Quid
219 586 325 655 dicam,
343 585 421 649 iacto
441 586 490 664 qui
509 586 619 648 semine
639 587 769 647 cominus
788 605 860 647 arva

123 665 290 744 Insequitur
309 665 496 743 cumulosque
515 666 577 727 ruit
597 667 674 726 male
693 664 808 743 pinguis
828 665 957 726 arenae?
991 665 1032 710 ¹⁰5

123 745 233 805 Deinde
252 743 325 804 satis
346 743 469 804 fiuvium
489 745 600 805 inducit
620 745 758 822 rivosque
779 753 942 821 sequentes

122 826 175 897 Et,
197 841 286 901 quum
306 829 428 882 exustus
447 840 519 899 ager
540 824 731 885 morientibus
751 831 867 885 aestuat
888 824 1000 898 herbis,

122 905 198 962 Ecce
218 900 375 978 supercilio
394 902 498 963 clivosi
520 904 651 965 tramitis
670 903 777 964 undam

122 981 237 1042 Elicitl
258 982 315 1041 Illa
335 982 440 1041 cadens
460 999 580 1043 raucum
600 1001 653 1060 per
674 982 751 1043 levia
772 998 905 1043 murmur

121 1064 200 1121 Saxa
219 1060 289 1133 ciet,
311 1060 509 1136 scatebrisque
529 1063 643 1122 arentia
663 1069 810 1139 temperat
830 1080 913 1122 arva.
992 1060 1032 1105 ¹¹⁰

122 1141 209 1213 Quid,
230 1139 291 1217 qui,
313 1157 348 1198 ne
369 1140 502 1215 grauidis
521 1143 691 1218 procumbat
711 1142 824 1201 culmus
845 1140 956 1215 aristis

121 1218 282 1281 Luxuriam
301 1227 440 1295 segetum
457 1226 558 1280 tenera
577 1220 706 1297 depascit
726 1220 756 1280 iu
776 1221 879 1293 herba,

31 1296 35 1306 '
122 1301 216 1370 Quum
236 1298 365 1377 primum
385 1298 481 1359 sulcos
500 1307 624 1377 aequant
644 1299 732 1360 satal
754 1299 858 1376 quique
878 1299 993 1376 paludis

121 1378 292 1439 Coniectum
312 1378 464 1437 humorem
485 1377 582 1438 bibula
603 1378 720 1439 deducit
740 1377 851 1439 arenai
892 1391 895 1394 ’
1000 1440 1002 1447 ,

122 1455 304 1518 Praesertim
324 1455 445 1517 incertis
465 1457 489 1516 si
510 1457 656 1519 mensibus
675 1457 768 1517 amnis
788 1457 934 1520 abundans
990 1455 1032 1513 l¹³

122 1535 207 1610 Exit,
230 1541 260 1594 et
280 1536 404 1596 obducto
424 1537 485 1597 late
506 1544 586 1597 tenet
607 1536 702 1597 omnia
722 1537 804 1611 limo,

123 1615 207 1675 Vnde
226 1632 315 1674 cavae
335 1615 433 1691 tepido
453 1617 558 1676 sudant
577 1617 702 1677 humore
720 1616 850 1676 lacunae.

84 1694 144 1756 Nec
158 1701 269 1768 tamen,
280 1695 352 1754 haec
366 1712 455 1771 quum
469 1694 527 1754 sint
541 1694 746 1774 hominumque
760 1696 901 1772 boumque
915 1694 1030 1758 labores

121 1774 273 1834 Versaudo
293 1780 406 1833 terram
427 1774 554 1852 experti,
576 1774 650 1833 nihil
669 1774 819 1851 improbus
839 1791 937 1844 anser,

120 1850 366 1929 Strymoniaeque
385 1869 486 1928 grues,
508 1860 539 1913 et
559 1853 667 1915 amaris
687 1855 785 1914 intuba
807 1852 892 1913 fibris
991 1849 1031 1896 111

121 1931 270 2004 officiunt,
290 1939 342 1992 aut
362 1933 465 1991 umbra
485 1940 580 1993 uocet.
604 1934 695 1994 Pater
714 1932 778 2010 ipse
796 1931 911 1992 colendi

120 2012 206 2070 Haud
225 2010 341 2071 facilem
361 2028 425 2072 esse
443 2010 522 2070 viam
536 2013 649 2088 voluit;
670 2013 840 2090 primusque
860 2029 913 2090 per
933 2017 1028 2071 artem

121 2087 216 2149 Movit
237 2106 338 2166 agros,
360 2091 438 2150 curis
456 2107 562 2152 acuens
582 2091 720 2152 mortalia
739 2094 847 2165 corda3

119 2167 183 2228 Nec
202 2176 323 2246 torpere
343 2171 430 2246 gravi
451 2186 551 2247 passus
571 2186 623 2230 sua
643 2188 734 2247 regna
754 2178 888 2231 veterno.

118 2251 197 2307 Ante
216 2249 317 2307 Iovem
338 2247 411 2307 nulli
431 2249 604 2324 subigebant
623 2266 698 2310 arva
717 2250 832 2310 coloni:
989 2245 1030 2290 111

119 2327 165 2385 Ne
184 2327 303 2402 signare
323 2328 438 2403 quidem
459 2335 510 2388 aut
530 2327 638 2406 partiri
658 2329 753 2388 limite
776 2346 909 2405 campum

120 2405 178 2465 Fas
198 2413 285 2465 erat:
307 2404 337 2464 in
357 2407 484 2466 medium
504 2409 703 2484 quaerebant;
724 2406 844 2484 ipsaque
864 2408 955 2466 tellus

118 2483 222 2546 Omnia
242 2483 375 2559 liberius,
396 2486 477 2546 nullo
497 2493 646 2563 poscente,
666 2485 790 2547 ferebat.

118 2565 173 2623 ille
193 2566 302 2624 malum
323 2565 406 2625 virus
426 2565 609 2642 serpentibus
629 2565 741 2627 addidit
762 2564 847 2638 atris,

118 2643 316 2721 Praedarique
336 2644 420 2720 lupos
439 2643 537 2718 iussit,
559 2651 735 2722 pontumque
755 2642 869 2705 moveri
989 2639 1029 2686 ¹³⁰

118 2722 264 2800 Mellaque
284 2722 412 2783 decussit
431 2722 521 2791 foliis,
541 2723 696 2801 ignemque
715 2723 856 2797 removit,

117 2803 158 2861 Et
178 2801 284 2878 passim
303 2801 378 2864 rivis
398 2801 548 2863 currentia
567 2802 635 2864 vina
655 2803 809 2880 repressit.

117 2880 161 2940 Vt
180 2879 279 2941 varias
297 2898 367 2942 usus
386 2880 552 2941 meditando
571 2883 749 2944 extunderet
768 2888 851 2941 artes

117 2959 290 3034 Paullatim,
311 2967 342 3021 et
362 2960 452 3020 sulcis
470 2960 611 3021 frumenti
631 2968 788 3038 quaereret
809 2960 953 3038 herbam;

118 3038 161 3098 vt
181 3037 273 3099 silicis
291 3038 374 3100 venis
393 3040 561 3100 abstrusum
580 3041 740 3100 excuderet
758 3039 870 3115 ignem.
986 3034 1027 3081 ¹³³

116 3117 198 3178 Tunc
217 3119 300 3179 alnos
318 3118 446 3197 primum
466 3117 549 3178 fiuvii
569 3135 687 3179 sensere
706 3126 846 3194 cavatas3

116 3196 229 3258 Navita
249 3204 313 3259 tum
333 3198 430 3259 stellis
450 3214 585 3259 numeros
605 3205 637 3258 et
656 3197 772 3259 nomina
790 3197 872 3270 fecit,

116 3274 265 3347 Pleiadas,
284 3275 406 3351 Hiatus,
427 3277 593 3355 claramque
613 3275 758 3370 chaonis
775 3277 901 3337 Arcton.

116 3356 193 3417 Tum
213 3355 325 3434 laqueis
344 3364 462 3434 captare
483 3355 559 3417 feras
579 3363 611 3417 et
631 3356 736 3416 tallere
755 3355 837 3416 visco

117 3435 284 3514 inventum,
305 3441 337 3498 et
356 3452 478 3514 magnos
497 3434 615 3498 canibus
634 3434 817 3496 circumdare
836 3431 942 3496 saltus.
983 3428 1027 3476 111
