2514 4178
470 254 631 299 caeremon
651 200 738 299 araur
758 256 798 301 rr.
1058 240 1096 301 81

190 338 328 418 Frigidus
347 348 380 403 nt
400 343 543 420 qarondam
562 341 647 403 silvis
667 341 872 405 immurmurat
894 351 995 404 auster
1006 365 1016 423 ς

191 420 230 480 vt
248 439 331 481 mare
351 420 511 481 sollicitum
532 420 634 482 stridit
654 420 846 482 refluentibus
868 423 975 501 ordina

187 502 309 563 Aestuat
332 507 364 560 ut
384 500 491 560 clausis
511 500 630 577 rapidus
648 500 812 562 fornacibus
832 500 920 577 ignis.

187 580 240 640 iiic
259 579 318 641 iam
337 580 496 655 galbaneos
515 580 640 640 suadebo
659 580 812 642 incendere
832 582 948 655 odores,

186 660 333 743 itiellaque
353 656 519 743 arundineis
541 657 650 718 inferre
670 661 829 734 canalibus,
853 662 933 720 ultro
1052 653 1094 700 Μ

186 740 371 810 llortautern,
392 745 424 799 et
445 737 534 798 fessas
553 739 590 797 ad
610 739 715 815 pabula
734 746 803 798 nota
823 745 987 800 vocantem.

185 816 325 879 Proderit
345 824 377 878 et
397 823 516 877 tunsum
536 817 633 893 gallae
654 816 814 879 admiscere
827 835 974 895 saporem,

183 901 366 975 Arentesque
386 912 482 968 rosas,
503 903 553 957 aut
574 895 635 971 igni
656 896 773 974 pinguia
793 899 888 957 multo

182 975 319 1049 Beiram,
343 975 390 1034 vei
412 976 532 1052 psytiua
553 993 653 1052 passos
674 977 709 1036 de
730 976 793 1036 vite
814 990 956 1043 racemos,

182 1055 412 1133 Cecropiumque
432 1055 581 1130 thymum,
596 1061 626 1114 et
641 1072 734 1130 grave
748 1054 858 1116 olentia
871 1061 1037 1115 centaurea.
1051 1051 1092 1095 ²⁷⁰

183 1136 238 1196 list
258 1134 349 1195 etiam
372 1134 427 1192 iios
447 1132 476 1191 in
498 1133 602 1210 pratis,
625 1133 671 1193 cui
692 1153 795 1194 nomen
815 1134 923 1194 amello

184 1215 295 1275 Fecere
314 1213 475 1289 agricolae,
496 1212 589 1272 facilis
610 1213 816 1288 quaerentibus
836 1216 948 1273 herba:

183 1295 317 1371 Namque
338 1311 394 1351 urm
414 1292 563 1367 ingentem
586 1292 668 1353 toltit
690 1293 726 1352 de
745 1293 855 1369 cespite
875 1293 996 1363 silvam,

183 1376 299 1433 nur-ons
319 1371 400 1449 ipse:
423 1374 473 1431 sed
494 1372 522 1430 in
543 1370 632 1443 foliis,
654 1391 727 1451 quae
750 1373 877 1449 piurima
895 1369 1010 1430 circum

183 1452 370 1522 Fundanum,
394 1449 488 1510 violae
508 1449 641 1510 sublucet
665 1470 795 1530 purpura
816 1452 928 1528 nigrae.
1049 1444 1091 1490 ²⁷⁵

182 1533 274 1611 Saepe
295 1530 387 1590 Deam
409 1533 491 1591 nexis
511 1540 631 1591 ornatae
652 1530 804 1608 torquibus
825 1547 914 1606 arae;

182 1613 277 1687 Asper
297 1609 327 1668 in
348 1626 400 1669 ore
419 1627 531 1687 sap0r;
554 1609 646 1670 tonsis
666 1609 696 1668 in
717 1610 843 1670 valiibns
863 1609 948 1669 iilum

183 1691 335 1760 Pastores‚
356 1695 386 1747 et
407 1707 499 1748 curva
519 1691 621 1764 legunt
643 1707 733 1766 prope
755 1690 873 1749 iinmina
887 1687 1005 1747 Mellae.

181 1768 274 1830 liuius
293 1770 416 1828 odorato
437 1768 549 1828 radices
561 1768 681 1845 incoque
697 1771 821 1839 Baccho,

181 1849 348 1925 Pabuiaque
368 1848 397 1906 in
418 1846 528 1907 foribus
549 1848 642 1924 pionis
655 1849 764 1925 adpone
778 1845 925 1907 canistris.
1047 1843 1087 1887 Μ

142 1927 197 1987 Sed
219 1929 244 1988 si
264 1946 350 2005 quem
372 1928 469 2004 quoles
487 1927 584 1987 subito
604 1927 743 1986 deiecerit
763 1927 867 1999 omnis

181 2008 254 2079 Nec,
277 2024 368 2083 genus
389 2008 463 2066 urrde
484 2024 575 2066 novae
595 2005 699 2082 stirpis
718 2013 886 2078 revocetur,
908 2005 1044 2080 habehit,

179 2088 307 2163 'l'empus
327 2093 357 2145 et
379 2085 498 2144 Arcadii
517 2087 701 2144 memoranda
723 2085 841 2145 inventa
862 2085 998 2160 magistri

180 2166 325 2237 Pandere,
347 2182 459 2242 quoquc
478 2166 564 2224 modo
584 2164 676 2223 caesis
694 2165 752 2224 iam
773 2182 859 2241 saepe
879 2163 1007 2223 iuvencis

180 2246 344 2305 insincerus
363 2262 433 2319 apes
453 2244 558 2304 tulerit
579 2262 677 2303 cruor.
695 2244 794 2303 Altius
814 2261 928 2303 omnem
1047 2241 1087 2286 ²8⁵

179 2324 341 2401 lixpediam
362 2322 457 2399 prima
476 2330 612 2399 repetens
631 2324 667 2380 ab
686 2323 799 2399 origine
818 2323 936 2383 famam.

179 2403 257 2463 Nam
278 2421 334 2480 qua
355 2402 467 2462 Pellaei
488 2420 559 2478 gons
579 2402 727 2461 fortunata
741 2401 849 2478 Canopi

179 2480 295 2543 Aecoiit
316 2480 406 2541 effuso
426 2488 612 2557 stagnantem
633 2481 752 2541 ssumine
772 2481 886 2554 Nilum,

180 2561 219 2623 iit
239 2561 350 2621 circum
371 2559 458 2637 pictis
478 2560 597 2619 vehitur
618 2577 669 2620 sua
683 2578 754 2621 rura
767 2560 885 2635 faselis3

179 2642 296 2718 Quaque
317 2640 506 2716 pharetratae
526 2638 631 2698 ricinia
652 2639 782 2699 Persidis
805 2646 905 2715 urget,
1046 2635 1086 2681 Μ

179 2720 219 2780 Et
241 2717 367 2777 viridem
387 2720 559 2796 Aegyptum
580 2717 665 2793 nigra
685 2719 818 2777 secundat
840 2736 938 2793 arena,

179 2800 218 2859 Et
239 2797 357 2858 diuersa
376 2815 465 2857 ruens
484 2806 597 2875 septem
617 2797 757 2857 discurrit
777 2798 806 2856 in
828 2815 880 2857 ora

178 2876 278 2954 Vsque
298 2875 437 2935 coloratis
457 2877 549 2936 amnis
570 2879 699 2938 devexus
720 2880 755 2938 ab
775 2877 873 2937 indis:

177 2955 278 3014 Omnis
296 2955 326 3016 in
347 2957 402 3015 trac
421 2963 534 3015 certam
555 2956 638 3031 regio
657 2955 727 3016 iacit
748 2963 813 3015 arte
826 2958 963 3017 salutem.

177 3034 312 3111 Exiguus
331 3034 470 3110 primum,
492 3043 579 3113 atque
600 3035 677 3111 ipsos
697 3041 866 3096 contractus
879 3037 916 3097 ad
937 3053 1005 3096 usus
1044 3033 1084 3076 ²⁹⁵

177 3113 310 3189 Eligitur
331 3115 421 3173 locus.
444 3115 527 3173 Hunc
547 3114 722 3191 augustique
736 3114 857 3175 imbrice
878 3115 961 3188 tecti,

178 3191 399 3269 Parietibusque
420 3200 556 3268 premunt
577 3193 679 3267 arctis,
701 3201 731 3254 et
752 3203 876 3271 quatuor
897 3197 1018 3269 addunt,

176 3272 309 3340 Quatuor
328 3291 346 3332 a
368 3272 473 3345 ventis,
496 3271 613 3348 obliqua
634 3273 697 3331 luce
718 3273 872 3335 fenestras.

176 3349 250 3409 'an
271 3349 395 3421 vitulus,
418 3351 493 3410 bima
514 3370 641 3412 curvans
661 3352 719 3411 iam
741 3370 848 3413 cornua
868 3354 976 3424 fronte,

178 3427 355 3500 Quaeritur:
378 3429 445 3490 huic
465 3431 596 3507 geminae
616 3449 714 3506 nares,
736 3439 766 3492 ct
787 3432 909 3510 spiritus
929 3433 990 3493 oris
1043 3455 1083 3505 800
