2514 4178
107 365 110 370 .
150 265 189 330 34
506 283 535 334 r.
557 286 679 333 rmomn
699 285 734 332 nr

189 374 331 454 Imposuit
352 384 456 439 natura
476 377 560 450 locis,
582 396 639 454 quo
660 383 793 454 tempore
814 375 941 455 primum

188 456 347 515 Deucalion
367 474 489 517 vacuum
510 457 621 533 lapides
641 456 765 516 iactavit
785 455 815 516 in
836 459 949 530 orbern,

188 534 273 594 Vnde
293 536 426 596 homines
444 535 519 610 nati,
542 537 647 597 durum
668 553 770 611 genus.
793 537 875 612 Ergo
896 554 963 612 nge,
987 543 1087 598 terrae

188 615 302 691 Pingue
323 616 418 675 solum
438 615 542 692 primis
562 615 712 691 extemplo
733 633 751 674 a
770 616 917 676 mensibus
937 615 1003 676 anni

187 693 298 754 Fortes
317 694 468 754 invortant
489 694 579 767 tauri,
602 694 759 772 glebasque
778 694 907 756 iacentes
1074 695 1097 738 α

188 772 403 835 Pulverulenta
424 781 529 851 coquat
550 773 675 833 maturis
695 773 805 834 solibus
824 782 931 833 aestas.

187 855 229 912 nt
249 853 274 912 si
297 872 351 912 non
370 853 461 913 fuerit
482 853 574 913 tellus
593 852 726 922 fecunda,
746 854 800 912 sub
820 853 915 931 ipsum

187 934 351 992 Arcturum
372 932 452 992 tenui
472 939 519 992 sat
539 933 599 993 erit
620 934 796 1007 suspendere
817 935 919 993 sulco:

187 1010 266 1084 illic,
288 1010 415 1071 officiant
436 1012 524 1072 laetis
544 1030 580 1071 ne
599 1011 733 1086 frugibus
753 1012 881 1071 herbae:

188 1090 254 1163 Hie,
276 1091 410 1151 sterilem
429 1091 554 1168 exiguus
574 1108 610 1150 ne
630 1092 747 1151 deserat
768 1092 874 1151 humor
894 1107 1024 1151 arenam.
1074 1091 1100 1136 ⁷⁰

148 1168 281 1231 Alternis
300 1171 379 1231 idem
399 1178 499 1231 tonsas
518 1187 634 1230 cessare
653 1171 783 1243 novales,

187 1250 228 1309 Et
249 1267 367 1325 segnem
389 1251 503 1327 patiere
523 1250 582 1310 situ
607 1251 763 1309 durescere
783 1266 939 1328 campum3

187 1331 247 1389 Aut
268 1329 308 1388 ibi
329 1331 407 1391 flava
427 1346 520 1404 seres,
542 1335 656 1389 mutato
675 1328 784 1397 sidere,
807 1328 898 1401 farra,

187 1408 272 1468 Vnde
293 1408 377 1486 prius
396 1409 507 1468 laetum
527 1407 632 1485 siliqua
653 1415 807 1484 quassante
831 1408 980 1483 legumen,

186 1491 248 1548 Aut
269 1490 365 1549 tennis
384 1489 462 1549 fetus
483 1488 578 1548 viciae
597 1486 752 1565 tristisque
772 1487 865 1564 lupini
1077 1488 1102 1531 ll

187 1569 352 1629 Sustuleris
371 1567 495 1644 fragiles
514 1568 641 1627 calamos
661 1566 825 1644 silvamque
845 1572 1009 1628 sonantem.

188 1647 260 1708 Vrit
281 1649 358 1707 enim
379 1646 432 1706 lini
452 1664 586 1725 campum
606 1663 659 1722 seg
660 1663 702 1720 es,
725 1646 787 1707 urit
809 1662 940 1706 avenae.

188 1727 288 1788 Vrunt
308 1728 440 1787 Lethaeo
461 1728 583 1819 perlusa
598 1742 746 1802 papavera
766 1743 877 1787 somno.

188 1807 280 1865 Sedt
267 1812 366 1867 tamen
386 1806 510 1866 alternis
529 1804 624 1866 facilis
644 1805 748 1865 labor.
769 1803 854 1866 arida
874 1811 991 1866 tantum

187 1885 234 1945 Ne
254 1893 391 1946 saturare
410 1885 480 1944 fimo
500 1884 601 1963 pingui
620 1885 726 1960 pudeat
746 1885 822 1958 sola,
843 1902 917 1944 neve
1078 1884 1100 1928 ⁸<

188 1963 319 2025 Effoetos
339 1965 466 2024 cinerem
485 1965 665 2024 immundum
685 1962 796 2024 iactare
817 1979 989 2042 peragras.

188 2042 237 2102 Sic
258 2063 369 2121 quoqne
389 2044 513 2105 mutatis
532 2044 719 2137 requiescunt
738 2043 865 2105 foetibus
884 2061 970 2117 arva,

188 2123 252 2183 Nec
271 2124 350 2184 nulla
371 2122 486 2183 interea
505 2130 552 2184 est
571 2123 704 2182 inaratae
724 2122 823 2199 gratia
843 2129 955 2183 terrae.

189 2203 282 2278 Saepe
302 2204 393 2263 etiam
413 2202 528 2264 sterilis
547 2203 700 2263 incendere
721 2201 832 2279 proluit
853 2218 953 2278 agros,

188 2284 287 2359 Atque
307 2283 404 2342 levem
424 2281 563 2359 stipulam
584 2281 795 2358 crepitantibus
814 2300 903 2342 urere
924 2281 1101 2343 flammis:85

188 2361 259 2421 Sive
278 2361 345 2423 iude
365 2362 495 2422 occultas
515 2361 596 2422 vires
616 2369 647 2422 et
667 2363 772 2438 pabula
792 2368 892 2421 terrae

189 2440 315 2516 Pinguia
334 2441 520 2518 concipiunt·
543 2442 606 2502 sive
625 2441 687 2501 illis
706 2457 791 2500 omne
812 2458 863 2518 per
882 2440 983 2516 ignem

188 2521 372 2598 Ercoquitur
393 2520 511 2588 vitium
532 2526 620 2597 atque
640 2521 764 2580 exsudat
785 2519 898 2579 inutilis
918 2519 1051 2599 humor3

189 2602 246 2660 Seu
267 2602 368 2677 plures
387 2601 469 2661 calor
489 2600 540 2659 ille
561 2600 624 2660 vias
643 2607 675 2660 et
696 2616 781 2660 caeca
800 2600 916 2659 relaxat

189 2679 387 2756 Spiramenta‚
408 2696 500 2741 novas
520 2679 619 2739 veniat
641 2697 697 2756 qua
717 2696 821 2739 succus
840 2678 870 2737 in
890 2674 1102 2756 herbas3⁰t

189 2760 246 2819 Seu
268 2759 355 2819 durat
376 2756 471 2834 magis
491 2765 522 2818 et
544 2776 632 2819 venas
653 2755 813 2852 adstringit
833 2756 961 2830 hiantes,

188 2839 235 2898 Ne
257 2845 358 2899 tenues
378 2837 507 2915 pluviae,
529 2836 662 2915 rapidive
683 2837 813 2914 potentia
834 2835 905 2897 solis

188 2917 308 2989 Aerior,
331 2925 382 2978 aut
403 2919 515 2977 Boreae
535 2917 716 2994 penetrabile
735 2914 832 2992 frigus
851 2919 969 2976 adurat.

189 2995 319 3055 Multum
339 2998 424 3069 adeo,
445 2995 554 3057 rastris
574 2997 676 3073 glebas
696 2994 746 3074 qui
764 2994 876 3071 frangit
896 2995 1008 3055 inertes

189 3073 397 3152 Vimineasque
417 3075 512 3136 trahit
526 3084 634 3149 crates,
650 3075 732 3136 iuvat
753 3093 842 3151 arva3
864 3091 955 3152 neque
967 3073 1056 3136 illum
1075 3072 1103 3117 ω

189 3153 285 3213 Flava
305 3155 394 3215 Ceres
414 3155 476 3214 alto
497 3154 689 3248 nequidquam
709 3161 823 3232 spectat
843 3154 992 3230 Olympo·

188 3233 229 3292 Et
250 3232 311 3311 qui,
326 3233 479 3326 proscisso
499 3251 572 3312 quae
591 3233 714 3294 suscitat
735 3251 860 3311 aequore
880 3241 979 3308 terga,

189 3311 333 3373 Rursus
324 3331 354 3372 rn
374 3310 523 3389 obliquum
543 3329 630 3373 verso
649 3312 815 3391 perrumpit
834 3319 949 3384 aratro,

189 3391 382 3485 Exercetque·
395 3391 531 3469 frequens
552 3393 702 3466 tellurem,
725 3401 813 3470 atque
833 3391 959 3470 imperat
980 3391 1077 3457 arvis

151 3471 276 3536 Humida
295 3470 425 3537 solstitia
445 3480 532 3554 atque
551 3470 663 3536 hiemes
682 3481 767 3535 orate
790 3489 920 3553 serenas,
1063 3473 1106 3519 ¹⁰⁰

648 3585 773 3652 Γῆ.
