2514 4178
467 245 630 288 cnonurcon
649 244 737 289 mssa
757 246 800 290 ιιι.
1068 232 1104 290 71

196 327 387 413 Scillamque,
402 333 624 414 helleborosque
641 352 760 411 graves,
775 334 950 412 nigrumque
964 336 1105 397 bitumen.

196 414 264 474 Non
278 422 375 476 tamen
390 415 450 475 ulla
463 413 558 491 magis
570 431 706 492 praesens
719 413 838 474 fortuna
850 415 983 476 laborum
993 423 1051 490 est,

196 493 288 563 Quam
309 493 334 554 si
356 494 420 572 quis
439 494 519 555 ferro
540 493 636 570 potuit
649 492 815 554 rescindere
828 511 973 555 summum

196 571 316 633 Vlceris
335 590 380 633 cs.
401 573 504 633 Alitur
525 572 631 633 vitium
653 571 787 650 vivitque
808 574 944 648 tegendo,

188 652 273 712 Dum
294 652 420 713 medicas
440 650 580 712 adhibere
600 668 703 712 manus
723 654 758 711 ad
781 652 903 713 vulnera
923 660 1024 731 pastor
1064 651 1105 696 ⁴³⁵

194 732 342 808 Abnegat,
362 739 413 791 aut
434 731 557 791 meliora
577 731 655 790 Deos
674 732 757 791 sedet
777 730 873 792 omina
893 750 1023 808 poscens.

195 810 270 881 Quin
290 810 392 885 etiam,
413 810 473 869 ima
493 811 576 870 dolor
596 810 745 870 balantum
766 811 863 887 lapsus
883 813 919 871 ad
939 829 1006 872 ossa

193 891 290 961 Quum
310 889 395 963 furit,
417 898 505 967 atque
525 896 609 950 artus
629 888 795 966 depascitur
815 889 897 951 arida
921 890 1023 967 febris,

194 967 315 1030 Profuit
334 969 465 1029 incensos
485 976 584 1029 aestus
604 975 755 1038 avertere,
775 975 806 1029 et
827 967 906 1028 inter

192 1047 256 1108 Ima
276 1047 367 1109 scrire
387 1049 476 1126 pedes
495 1048 648 1108 salientem
668 1046 807 1122 sanguine
827 1066 952 1108 venam:
1061 1048 1104 1092 400

192 1126 325 1189 Bisaltae
345 1147 401 1205 quo
421 1144 503 1187 more
525 1127 630 1201 solent,
653 1144 777 1205 acerque
804 1127 942 1200 Gelonus

193 1207 288 1277 Quum
309 1206 386 1283 fugit
406 1206 436 1265 in
457 1207 617 1283 Rhodopen
637 1212 725 1282 atque
746 1205 775 1264 in
795 1207 912 1267 deserta
933 1210 1087 1285 Getarum,

192 1287 234 1347 Et
255 1286 300 1348 lac
319 1292 488 1346 concretum
508 1303 574 1343 cum
595 1284 734 1360 sanguine
754 1293 838 1362 potat
858 1286 973 1361 equino.

153 1365 245 1437 Quam
266 1366 368 1443 procul
389 1372 439 1426 aut
459 1364 544 1423 molli
561 1366 715 1424 succedere
736 1364 849 1442 saepius
862 1366 983 1426 umbrae

193 1444 323 1516 Videris,
346 1451 396 1504 aut
417 1460 545 1504 summas
565 1450 733 1520 carpentem
753 1443 888 1519 ignavius
908 1446 1025 1518 herbas,
1060 1444 1102 1489 400

191 1525 423 1600 Extremamque
444 1522 537 1600 sequi,
558 1529 610 1582 aut
630 1522 725 1581 medio
745 1524 936 1599 procumbere
960 1542 1062 1603 campo

191 1605 376 1674 Pascentem,
399 1610 429 1661 et
450 1619 533 1662 serae
554 1603 645 1661 solam
667 1602 810 1662 decedere
830 1602 929 1662 nocti:

195 1684 340 1743 Continuo
359 1685 481 1757 culpam
499 1687 585 1756 ferro
603 1698 763 1757 compesce,
781 1683 872 1757 prius
891 1699 983 1760 quam

190 1763 271 1824 Dira
287 1779 345 1837 per
365 1763 519 1819 incautum
537 1768 662 1835 serpunt
681 1763 819 1834 contagia
839 1764 956 1838 culpus.

142 1882 147 1887 -
188 1841 255 1901 Non
277 1849 338 1901 tam
358 1841 463 1899 creber
482 1856 572 1914 agens
592 1839 718 1899 hiemem
732 1840 793 1899 ruit
807 1857 932 1916 aequore
946 1843 1046 1910 turbo,
1059 1840 1100 1884 ⁴⁷⁰

189 1922 282 1990 Quam
303 1921 414 1979 multae
434 1921 576 2011 pecudum
596 1926 705 1996 pestes.
727 1919 790 1978 Nec
809 1919 925 1994 singula
945 1921 1040 1980 morbi

189 2002 320 2077 Corpora
340 1997 523 2075 corriprunt3
547 2000 597 2058 sed
617 2004 681 2058 tota
700 1998 813 2058 aestiva
833 2004 965 2075 repento,

189 2080 334 2156 Spemque
364 2095 543 2153 gregemque
574 2077 682 2149 simul,
705 2083 893 2154 cunctamque
920 2080 956 2136 ab
984 2078 1098 2156 origine

188 2159 265 2217 Tum
279 2156 364 2229 sciat,
379 2159 474 2216 aerias
488 2156 578 2233 Alpes
592 2163 623 2216 et
637 2156 746 2216 Norica
759 2157 785 2215 si
799 2156 864 2233 quis
952 2158 1095 2236 (gentem.

188 2237 318 2297 Castella
338 2236 367 2294 in
389 2234 523 2306 tumulis,
546 2242 576 2294 et
598 2234 715 2312 Iapydis
735 2253 807 2294 arva
828 2235 954 2308 Timavi,
1055 2238 1097 2283 ⁴⁷⁵

188 2315 273 2376 Nunc
294 2331 406 2392 quoque
426 2321 491 2390 post
512 2321 595 2374 tanto
615 2313 715 2374 videat
735 2316 906 2391 desertaque
925 2333 1017 2392 regna

189 2395 360 2464 Pastorum,
382 2400 413 2453 et
436 2395 520 2468 longe
542 2393 635 2453 saltus
656 2393 773 2469 lateque
794 2400 942 2453 vacantes

152 2472 204 2532 ilic
224 2474 367 2550 quondam
389 2474 490 2530 morbo
511 2471 584 2530 cocli
605 2471 768 2532 miseranda
787 2479 889 2531 coorta
910 2480 956 2533 est

187 2554 371 2629 Tempestas,
392 2557 512 2627 totoque
533 2549 679 2610 auctumni
699 2549 846 2611 incanduit
867 2557 962 2624 aestu,

186 2632 228 2692 Et
248 2649 340 2707 genus
359 2647 445 2689 omne
458 2628 520 2687 neci
534 2632 676 2705 pecudum
689 2630 780 2701 dedit,
795 2647 880 2690 omno
892 2631 1039 2708 ferarum;
1053 2632 1095 2675 400

186 2710 385 2786 Conrupitque
405 2710 504 2767 lacus:
528 2708 627 2767 infecit
651 2709 754 2786 pabula
775 2711 853 2768 tabo.

185 2788 249 2849 Nec
269 2789 318 2848 via
338 2787 443 2847 mortis
463 2794 530 2847 erat
550 2788 696 2864 simplex3
719 2790 781 2860 sed,
804 2789 852 2849 ubi
873 2788 958 2865 ignea
978 2789 1060 2850 venis

185 2866 326 2928 Omnibus
346 2875 410 2926 acta
431 2866 497 2926 sitis
517 2866 640 2926 miseros
661 2868 823 2927 adduxerat
837 2876 933 2941 artus,

185 2948 301 3007 Rursus
321 2947 484 3005 abundabat
505 2945 610 3005 fluidus
631 2946 738 3022 liquor,
760 2947 912 3025 omniaque
932 2947 961 3006 iu
980 2966 1013 3008 se

186 3027 258 3087 Ossa
277 3024 445 3084 minutatim
467 3026 568 3083 morbo
589 3025 716 3102 collapsa
737 3027 885 3086 trahebat.
1055 3025 1093 3070 405

183 3105 276 3181 Saepe
295 3103 325 3161 in
346 3105 455 3162 honore
476 3104 570 3163 Dedm
590 3105 684 3163 medio
703 3112 784 3164 stans
803 3107 900 3166 hostia
920 3108 957 3167 ad
977 3124 1070 3180 aram,

185 3182 281 3243 Lanca
301 3184 370 3243 dum
392 3182 476 3242 nivea
496 3182 697 3243 circumdatur
717 3183 807 3245 insula
828 3186 917 3258 vitta,

184 3261 266 3321 Inter
286 3268 456 3320 cunctantes
475 3261 580 3322 cecidit
601 3263 770 3322 moribunda
790 3263 950 3324 ministros.

184 3343 244 3400 Aut
265 3339 288 3400 si
310 3358 396 3416 quam
417 3340 497 3399 ferro
518 3348 699 3400 mactaverat
720 3349 788 3401 ante
812 3344 957 3416 sacerdos,

184 3418 252 3479 lude
272 3436 364 3496 neque
385 3419 530 3498 impositis
550 3422 652 3480 ardent
674 3420 781 3480 altaria
801 3422 902 3498 fibris3
1050 3420 1092 3462 400
