2514 4178
393 249 557 306 ononar'con
576 263 666 309 ntnnn
685 264 718 308 n.
796 304 810 321 „
997 249 1035 313 59

126 346 312 426 (torporeque
330 351 443 426 agresti
464 351 572 414 nudant
592 353 737 429 praedura
757 348 915 430 pilaestra.

125 425 207 488 Hanc
226 427 297 488 olim
317 436 436 490 veteres
455 429 550 490 vitam
570 431 688 491 coluere
708 432 828 509 Sabini3

124 505 205 565 Hanc
225 507 347 581 Remus,
369 516 400 570 et
420 508 536 570 frater:
555 508 599 570 sic
618 509 705 571 tortis
726 513 850 574 Etruria
869 512 989 593 crevit3

122 584 243 647 Scilicet
263 593 295 648 et
314 605 413 649 rerum
435 586 512 651 iacta
531 594 578 651 est
598 589 796 666 pulcherrima
817 593 922 666 Roma,

122 663 298 742 Septemque
318 684 374 726 una
394 666 448 727 sibi
470 685 554 729 muro
574 667 766 730 circumdedit
787 688 880 733 arces.
993 669 1032 716 ⁵³⁵

120 744 199 802 Ante
218 745 306 806 etiam
328 752 476 823 sceptrum
497 746 609 807 Dictaei
630 747 723 824 regis,
746 755 776 809 et
797 757 888 816 ante,

120 820 212 898 Impia
232 842 317 902 quam
337 823 428 885 caesis
449 842 521 901 gens
540 833 587 886 est
606 828 725 904 epulata
745 828 885 902 iuvencis,

119 902 234 963 Aureus
254 904 327 964 hanc
348 902 441 965 vitam
461 904 490 964 in
511 905 602 965 terris
622 906 767 967 Saturnus
786 909 905 984 agebat.

119 980 251 1041 Necdum
271 982 360 1042 etiam
380 982 531 1044 audierant
552 984 650 1043 inflari
670 984 802 1054 classica.
829 989 949 1048 necdum

119 1059 274 1136 Impositos
295 1061 376 1121 duris
396 1063 542 1140 crepitare
562 1062 712 1123 incudibus
732 1082 850 1125 enses..
987 1059 1029 1108 ⁵⁴⁰

79 1138 136 1199 Sed
157 1156 209 1198 nos
228 1138 400 1200 immensum
421 1141 524 1218 spatiis
544 1142 718 1202 confecimus
739 1160 858 1222 aequor,

117 1219 158 1277 Et
178 1217 237 1278 iam
257 1225 372 1297 tempus
392 1221 497 1298 equium
519 1220 660 1283 fumantia
683 1222 801 1282 salvere
822 1224 910 1284 colla.

280 1410 829 1451 -αννυκΛΛΜ-

80 1578 126 1705 Ρ.
169 1577 396 1705 ltlttttt
438 1580 679 1708 attolli
730 1578 1026 1710 t'lttttttttl
1082 1745 1085 1748 ·

335 1861 499 1941 ornan
531 1860 765 1943 taurios
860 1964 861 1967 Ὺ

591 2038 617 2056 Ι

436 2198 658 2246 monitantem.

75 2300 143 2364 Post
162 2304 291 2362 alteram
304 2300 520 2359 invocationem
532 2300 595 2375 aqit
615 2300 670 2358 ltoc
683 2298 810 2360 tibrada
829 2295 1020 2372 animalibus,

108 2399 146 2440 ac
166 2383 268 2458 primo
288 2382 326 2440 ale
349 2382 438 2438 habnt
462 2387 492 2438 et
519 2380 620 2456 equis,
641 2379 749 2437 deinde
775 2379 814 2441 ae
839 2379 958 2450 midas,
985 2380 1022 2437 de

43 2481 45 2484 ⁴
108 2462 211 2537 capris
231 2468 260 2520 et
286 2460 419 2518 canibus.
450 2458 661 2518 Pulcherrima
685 2458 791 2519 inserit
813 2458 967 2534 epicedio,
989 2459 1021 2516 in

108 2542 213 2620 quinas
232 2540 340 2600 erninet
357 2538 548 2617 pestilentiae
567 2537 740 2614 descriptio,

47 2771 51 2775 ,
73 2710 111 2768 l‘e
131 2726 255 2787 quoque,
277 2725 383 2782 magna
403 2707 501 2782 Palea,
524 2710 556 2766 et
577 2712 608 2765 te
628 2705 815 2765 memorande
835 2720 970 2764 canemus

108 2789 216 2848 Pastor
237 2789 273 2846 ab
293 2788 486 2863 Amphryso:
508 2802 573 2857 vos,
595 2783 688 2844 silvae
708 2800 864 2861 amnesque
883 2783 1005 2860 Lycaei.

105 2869 226 2941 Cetera,
247 2884 320 2944 quae
340 2882 446 2925 vacuas
466 2863 626 2924 tenuissent
647 2861 776 2924 carmine
795 2868 920 2934 mentes

107 2946 211 3006 Omnia
230 2946 288 3006 iam
309 2945 442 3021 vulgata.
464 2943 535 3015 Quis
556 2950 607 3001 aut
628 2941 799 3019 Eurysthea
819 2943 937 3013 durum,

104 3029 167 3089 Aut
188 3024 330 3084 inlaudati
351 3023 443 3083 nescit
465 3021 610 3082 Busiridis
630 3020 720 3081 arasl
1003 3041 1017 3087 u

107 3105 161 3163 Cui
182 3122 237 3163 non
258 3103 356 3164 dictus
376 3103 471 3179 Hylas
492 3119 576 3177 puer,
598 3108 630 3161 et
651 3097 774 3159 Latonia
795 3098 907 3158 Delosl

107 3182 353 3260 Hippodameque,
375 3184 554 3256 humeroque
575 3179 683 3256 Pelops
703 3178 826 3254 insignis
845 3180 968 3251 eburno,

107 3265 186 3321 noer
205 3261 311 3339 equisl
332 3263 470 3320 tentanda
492 3259 540 3318 via
560 3266 617 3332 est,
641 3277 697 3334 qua
717 3276 764 3316 me
777 3274 890 3333 quoque
910 3257 1017 3332 possim

107 3340 227 3400 Tollere
248 3341 349 3412 humo,
370 3338 524 3415 victorque
546 3338 644 3397 viriam
663 3336 792 3397 volitare
811 3352 865 3412 per
885 3353 948 3394 ora.
1095 3359 1099 3366 ·

108 3419 228 3480 Primus
247 3437 304 3496 ego
324 3418 354 3478 in
374 3419 501 3496 patriam
521 3434 646 3490 mecum,
661 3413 824 3495 modoyita
841 3409 1019 3491 supersit,'¹⁰
