2514 4178
398 291 562 335 oronorcou
583 293 671 336 aman
690 295 731 335 rr.
1003 272 1043 333 85

129 378 285 456 Deprensis
305 384 377 440 olim
398 381 487 441 stat²o
508 379 656 440 tutissima
677 380 794 441 nautisr

129 458 212 519 Intus
232 476 264 518 sa
283 458 362 519 vasti
383 459 511 519 Proteus
531 458 608 535 tegit
629 458 710 520 obicc
730 459 806 520 saxi.

128 536 185 596 Hic
204 536 338 598 iuvenem
358 537 388 598 in
407 537 531 598 latebris
551 555 689 600 aversum
709 537 856 598 alumine
876 535 1015 615 Nympha

129 617 281 676 Collocat:
304 617 367 694 ipsa
386 618 489 695 procul
508 615 622 676 nebulis
642 619 765 678 obscura
785 615 913 677 resistit.

128 695 190 755 Iam
210 694 329 774 rapidus
348 704 467 758 torrens
485 695 621 756 sitientes
640 695 736 757 Sirius
757 697 842 756 Indos
1000 690 1042 735 ⁴²⁰

128 776 274 847 Ardebat,
295 777 376 836 coelo
396 782 428 836 at
447 773 576 836 medium
596 776 641 835 sol
661 775 764 851 igneus
783 777 885 836 orbern

128 853 287 927 Hauserat,
309 855 431 915 arebant
452 855 572 927 herbae,
594 862 625 914 et
645 873 718 916 cava
738 854 858 915 fiumina
877 851 963 914 siccis

128 932 273 992 Faucibus
294 935 330 993 ad
350 933 454 993 limum
474 935 549 994 radii
569 935 715 1012 tepefacta
738 935 920 1012 coquebant:

87 1073 89 1077 ,
128 1013 222 1082 Quum
244 1013 373 1074 Proteus
392 1019 530 1074 consucta
549 1020 651 1090 petens
671 1032 688 1072 a
709 1013 848 1074 fluctibus
868 1020 953 1074 antra

128 1091 204 1152 Ibat.
227 1093 302 1152 Eum
322 1092 401 1152 vasti
421 1093 531 1154 circum
552 1110 624 1169 gens
644 1092 764 1153 humida
782 1091 865 1170 ponti
1000 1086 1042 1132 ⁴³⁰

127 1171 288 1231 Exsultans
309 1188 409 1231 rorem
429 1172 490 1232 late
511 1172 651 1250 dispersit
671 1189 814 1232 amarum.

127 1250 270 1310 Sternunt
291 1267 323 1310 se
342 1267 443 1311 somno
463 1252 598 1312 divorsae
618 1252 648 1311 in
668 1251 759 1310 litore
778 1253 899 1328 phocae.

126 1330 202 1406 Ipsa,
226 1330 310 1389 velut
331 1331 440 1390 stabuli
460 1338 560 1391 custos
579 1330 608 1389 in
629 1331 776 1390 montibus
795 1329 879 1404 olim,

126 1408 241 1484 Vesper
262 1409 311 1467 ubi
330 1427 346 1466 e
367 1416 453 1486 pastu
474 1409 585 1469 vitulos
605 1412 641 1470 ad
662 1416 743 1470 tecta
762 1408 891 1484 reducit,

125 1486 300 1564 Auditisque
320 1488 405 1564 lupos
425 1494 530 1548 acuunt
551 1487 697 1549 balatibus
716 1487 796 1565 agni,
888 1505 890 1508 ⁴
998 1483 1039 1528 ⁴³⁵

125 1567 255 1626 Considit
276 1568 395 1643 scopulo
416 1567 538 1640 madius,
561 1584 771 1644 numerumque
790 1573 946 1629 recensete

124 1645 212 1705 Cuius
232 1645 370 1707 Aristaeo
390 1646 524 1723 quoniam
544 1653 590 1706 est
610 1647 711 1708 oblata
730 1647 867 1721 facultas,

33 1784 36 1788 ,
89 1743 90 1746 ’
124 1724 184 1786 Vix
204 1724 315 1785 defessa
334 1743 433 1791 scucrn
453 1741 555 1804 passus
574 1743 747 1807 componore
766 1729 910 1800 membra,

124 1806 197 1864 Cum
217 1804 345 1864 clamore
366 1806 428 1865 ruit
449 1821 566 1880 magno,
589 1805 764 1883 manicisque
784 1805 928 1868 iacentem

124 1886 262 1962 Occupat.
285 1884 341 1943 Ille
360 1901 429 1945 suae
449 1892 553 1945 contra
572 1903 628 1945 non
649 1884 804 1947 immemor
825 1884 913 1960 artis,
994 1880 1038 1926 ⁴⁴⁰

124 1964 227 2025 Omnia
245 1962 436 2024 transformat
457 1981 521 2025 sese
540 1964 570 2023 in
591 1964 733 2026 miracula
752 1982 866 2037 rerum,

124 2045 279 2121 ignemque
299 2045 527 2122 horribilemque
548 2044 651 2116 feram,
667 2043 848 2123 fluviumque
862 2043 1035 2122 liquentem.

124 2125 248 2196 Verum,
271 2123 318 2181 ubi
339 2125 419 2182 nulla
440 2124 539 2198 lugam
559 2123 673 2202 reperit
693 2123 827 2200 pellacia,
850 2125 949 2185 rictus

123 2205 157 2263 ln
177 2220 241 2263 sese
259 2201 350 2276 redit,
372 2210 460 2280 atquc
481 2203 606 2263 hominis
626 2204 744 2262 tandem
764 2220 817 2263 ore
837 2204 999 2281 loquutus:

124 2283 200 2343 Nam
220 2281 285 2358 quis
307 2288 347 2353 to,
370 2281 507 2340 iuvenum
527 2281 784 2356 confidentissime,
806 2288 923 2344 nostras
993 2279 1037 2325 ⁴⁴⁵

124 2361 213 2421 lussit
226 2360 307 2421 adire
320 2358 439 2419 ‹lomusi
454 2359 563 2437 quidve
582 2361 649 2420 hinc
663 2360 760 2437 potisl
782 2361 887 2438 inquit.
905 2362 946 2421 At
960 2359 1033 2420 illc:

124 2441 199 2515 Scis,
216 2441 340 2511 Protea,
355 2439 412 2499 scis
426 2439 502 2515 ipse:
523 2457 616 2516 noque
629 2446 676 2499 cst
690 2446 722 2499 ta
743 2439 848 2499 fallere
868 2439 1033 2517 quidquam.

124 2521 183 2580 Sed
205 2527 237 2579 tu
258 2518 356 2579 desine
376 2519 465 2577 velle.
488 2518 581 2578 Dedm
603 2527 757 2596 praecepta
777 2519 892 2597 sequuti

125 2597 265 2658 Venimus
286 2597 353 2657 hinc
373 2597 463 2675 lapsis
483 2597 647 2674 quaesitum
667 2599 787 2658 oracula
805 2598 904 2658 rebus.
1085 2672 1087 2676 Ι

123 2678 251 2738 Tantum
271 2676 386 2737 effatus.
409 2679 456 2738 Ad
475 2677 547 2737 haec
567 2683 653 2737 vatos
673 2676 704 2737 ri
724 2676 846 2754 denique
867 2677 961 2737 multa
994 2672 1036 2717 ⁴⁵⁰

125 2757 271 2817 Ardentes
291 2757 390 2816 oculos
410 2755 529 2817 intorsit
550 2755 659 2816 lumine
679 2757 794 2832 glauco,

126 2838 166 2896 Et
187 2834 323 2911 graviter
344 2834 489 2909 frendens,
512 2834 555 2895 sie
574 2834 645 2895 fatis
665 2853 717 2896 ora
736 2833 885 2898 resolvite

125 2916 189 2976 Non
211 2923 242 2975 te
261 2912 370 2975 nullius
390 2922 530 2976 exercent
551 2914 676 2974 numinis
696 2914 770 2975 irae.

124 2995 232 3070 Magna
252 2992 308 3053 luis
329 2993 503 3053 commissa:
526 2994 581 3054 tibi
600 2996 654 3054 has
673 2992 849 3054 miserabilis
869 2994 1004 3071 Orpheus

124 3075 352 3152 Haudquaquam
362 3074 399 3133 ob
408 3072 549 3133 meritum
559 3090 676 3150 poenas,
684 3073 715 3132 ni
724 3072 944 3148 lataresistant‚
993 3073 1035 3115 ⁴5⁵

124 3153 265 3226 Suscbat,
287 3159 319 3211 et
339 3159 426 3230 rapta
444 3151 581 3228 graviter
600 3169 656 3230 pro
674 3152 797 3228 coniuge
817 3151 924 3214 saeuit.

124 3232 181 3292 Illa
200 3232 328 3309 quidem,
349 3232 418 3292 dum
438 3239 470 3293 te
488 3230 606 3309 fugeret
627 3249 680 3308 per
701 3231 821 3293 fiumina
844 3248 994 3309 praeceps

124 3312 283 3372 Immanem
302 3316 370 3371 ante
390 3312 476 3388 pedes
496 3312 638 3387 hydrum,
659 3310 806 3372 moritura
825 3311 934 3388 puella,

125 3390 300 3451 Servantem
320 3389 400 3467 ripas
420 3390 480 3450 alta
500 3409 556 3449 non
577 3389 653 3450 vidit
674 3389 703 3447 in
724 3390 828 3448 herba.
918 3426 920 3431 ·
1006 3418 1008 3423 v

125 3471 167 3532 At
186 3471 294 3529 chorus
314 3468 442 3547 aequalis
463 3470 615 3552 Dryadum
635 3468 763 3528 clamore
783 3485 936 3546 supremos
995 3467 1034 3511 ⁴⁰⁰
