2514 4178
845 198 886 212 ...aa

467 259 630 305 esoaercou
648 258 738 306 traua
757 257 790 308 n.
1028 261 1031 265 ’
1060 235 1099 300 55

150 350 305 412 Texendae
323 338 425 429 saepes
444 351 545 423 etiam,
568 358 599 411 et
619 368 707 430 pecus
728 366 811 412 omne
832 349 998 421 tenendum,

190 432 351 508 Praecipue
370 433 439 490 dum
459 430 540 491 hona
560 437 661 490 tenera
681 430 905 508 impendensque
926 429 1082 488 laborum:

189 509 253 583 Cui,
276 527 363 587 super
384 510 517 586 indignas
537 510 649 570 hiemes
669 509 818 586 solemque
837 514 1001 586 potentem,

189 590 350 650 Silvestres
371 589 416 648 uri
437 589 550 648 assidue
569 605 746 666 capreaeque
766 605 903 666 sequaces

190 668 332 741 llludunt,
355 675 514 745 pascuntur
533 686 606 729 oves
624 668 784 746 avidaeque
805 670 954 730 iuvencae.
1062 663 1101 708 ³7³

190 747 318 823 Frigora
338 766 390 806 nec
410 755 526 808 tantum
546 766 618 807 cana
637 755 775 808 concreta
794 746 910 824 pruina,

190 830 250 886 hut
271 828 372 900 gravis
392 826 559 887 incumbens
578 826 704 904 scopulis
724 826 874 886 arentibus
894 832 1003 900 aestas,

190 908 336 976 Quantum
355 905 402 965 illi
421 924 545 965 nocuere
565 924 685 983 greges,
707 905 830 983 durique
845 923 993 965 uenenum

190 985 304 1055 Dentis
327 992 358 1044 et
377 987 512 1044 admorso
532 984 647 1062 signata
668 986 698 1044 in
718 984 812 1062 stirpe
832 984 968 1044 cicatrix.

189 1065 255 1123 Non
275 1063 361 1123 aliam
382 1066 419 1123 ob
437 1064 552 1140 culpam
572 1066 687 1124 Baccho
706 1081 793 1140 caper
814 1064 947 1125 omnihus
967 1064 1027 1124 aris
1060 1061 1101 1104 ³⁸⁰

190 1141 340 1216 Caeditur,
362 1150 394 1203 et
415 1151 533 1203 veteres
552 1144 652 1204 ineunt
673 1143 824 1220 proscenia
844 1143 918 1215 ludi,

191 1221 381 1299 Praemiaque
401 1223 535 1297 ingentes
555 1239 645 1300 pagos
665 1231 696 1283 et
716 1222 843 1298 compita
864 1223 976 1283 circum

190 1301 335 1360 Thesidae
354 1319 487 1378 posuere,
508 1309 596 1379 atque
617 1302 695 1362 inter
715 1303 817 1379 pocula
838 1302 911 1362 laeti

190 1380 330 1440 Mollibus
349 1381 378 1440 in
400 1381 493 1456 pratis
514 1389 616 1440 unctos
636 1382 743 1440 saliere
762 1398 816 1458 per
837 1388 931 1441 utres.

190 1461 254 1520 Nec
273 1478 329 1519 nou
348 1460 480 1529 Ausonii,
502 1459 592 1520 Troia
611 1477 683 1535 gens
704 1460 803 1533 missa,
826 1460 921 1519 coloni
1061 1456 1100 1503 ⁸8⁵

190 1539 334 1598 Versibus
354 1538 489 1599 incumtis
509 1539 613 1599 ludunt
634 1539 753 1616 risuque
773 1540 881 1611 soluto,

191 1622 307 1695 Oraque
326 1618 485 1677 corticibus
505 1626 622 1678 sumunt
643 1619 789 1677 horrenda
809 1617 942 1694 caratis;

189 1700 230 1759 Et
251 1706 295 1770 te,
315 1698 443 1769 Bacche,
462 1705 568 1758 vocant
588 1716 641 1775 per
661 1698 790 1757 carmina
810 1697 900 1772 laeta,
923 1697 1034 1776 tibique

190 1777 300 1837 Oseilla
319 1794 357 1838 ex
377 1777 440 1837 alta
460 1779 637 1855 suspendunt
658 1777 760 1836 mollia
781 1777 861 1854 pinu.

189 1857 265 1917 Hinc
284 1856 377 1916 omnis
396 1856 481 1931 largo
501 1857 632 1932 pubescit
654 1856 739 1916 vinea
759 1856 843 1916 fetu:
1061 1856 1100 1900 ³⁹⁰

189 1937 380 2012 Complentur
400 1936 551 2012 vallesque
570 1954 659 1996 cavae
679 1937 829 2012 saltusque
849 1936 996 2012 profundi,

190 2016 231 2075 Et
253 2033 431 2093 quocumque
451 2017 530 2075 Deus
549 2016 660 2075 circum
680 2023 768 2092 caput
788 2015 852 2091 egit
872 2017 1038 2077 honestum.

190 2096 273 2170 Ergo
293 2095 353 2154 rite
373 2112 456 2153 suum
477 2095 592 2154 Baccho
612 2096 741 2154 dicemus
762 2096 902 2154 honorem

189 2174 374 2234 Carminibus
393 2173 509 2250 patriiS,
532 2176 685 2251 lancesque
704 2181 735 2233 et
757 2175 815 2233 liba
835 2173 975 2249 feremus,

190 2255 231 2313 Et
251 2255 356 2313 duetus
376 2271 466 2312 cornu
486 2253 576 2313 stabit
598 2271 679 2313 sacer
701 2253 801 2313 hircus
822 2255 856 2313 ad
877 2271 969 2327 aram,
1062 2253 1099 2300 Μ

191 2333 371 2410 Pinguiaque
391 2332 420 2391 in
442 2332 560 2392 veribus
580 2333 759 2393 torrebimus
779 2340 849 2393 exta
868 2331 1009 2394 colurnis.

155 2413 206 2473 list
227 2412 317 2473 etiam
338 2412 389 2471 ille
410 2412 493 2472 labor
512 2410 649 2472 curandis
669 2410 780 2472 vitibus
799 2412 889 2483 alter,

190 2492 244 2552 Cui
254 2508 408 2569 numquam
419 2490 555 2552 exhausti
569 2491 641 2552 satis
652 2499 709 2551 est:
721 2508 844 2568 namque
853 2508 937 2549 omne
948 2493 1101 2567 quotannis

189 2573 307 2648 Terque
327 2577 487 2649 quaterque
506 2572 601 2630 solum
621 2569 819 2643 scindendum,
841 2571 983 2647 glebaque
1004 2573 1100 2632 versis

189 2653 351 2711 Aeternum
370 2649 528 2726 frangenda
548 2649 732 2710 bidentibus:
755 2668 839 2709 omne
860 2650 1015 2709 levandum
1059 2651 1101 2692 ⁴0⁰

189 2730 307 2791 Fronde
326 2747 447 2790 nemus:
469 2729 549 2789 redit
569 2728 708 2805 agricolis
728 2730 812 2788 labor
832 2735 915 2790 actus
934 2729 963 2788 in
985 2732 1098 2805 orbem,

189 2812 289 2887 Atque
307 2809 337 2867 in
358 2826 389 2868 se
409 2826 461 2868 sua
481 2826 533 2886 per
554 2808 681 2884 vestigia
701 2808 836 2868 volvitur
856 2825 958 2868 annus.

190 2891 233 2949 Ae
253 2889 311 2948 iam
331 2888 413 2960 olim,
433 2905 516 2948 seras
534 2888 632 2964 posuit
653 2907 740 2963 quum
763 2888 847 2947 vinea
868 2887 998 2960 frondea,

190 2968 332 3043 Frigidus
351 2975 382 3026 et
403 2967 488 3027 silvis
507 2967 604 3044 aquilo
624 2966 752 3027 decussit
772 2969 925 3039 honorem,

189 3049 250 3107 lam
272 3054 333 3106 tum
355 3064 422 3105 acer
443 3064 529 3106 ouras
551 3047 713 3106 venientem
735 3048 865 3106 extendit
890 3046 917 3104 in
939 3063 1044 3105 annum
1057 3037 1099 3080 ⁴¹⁰³

191 3127 342 3196 Rusticus,
364 3133 394 3185 et
416 3144 507 3185 curvo
527 3126 647 3184 Saturni
668 3127 755 3186 dente
776 3126 911 3185 relictam

189 3205 383 3283 Persequitur
402 3205 494 3266 vitem
515 3207 681 3277 attondens,
702 3205 846 3281 fingitque
866 3206 1004 3282 putando.

190 3286 311 3346 Primus
329 3287 449 3344 humum
470 3283 574 3357 fodito,
595 3284 707 3362 primus
727 3286 849 3344 devecta
869 3293 1000 3344 cremato

191 3367 358 3437 Sarmenta,
378 3369 409 3421 et
430 3364 526 3424 vallos
545 3364 657 3440 primus
679 3365 731 3424 suh
751 3371 830 3424 tecta
849 3363 983 3423 referto:

192 3444 367 3505 Postremus
387 3442 512 3503 metito:
535 3443 579 3503 his
600 3443 711 3504 vitibus
731 3443 845 3520 ingruit
866 3444 990 3503 umbra:
1058 3439 1099 3484 ⁴¹⁰
