2514 4178
474 259 628 322 succum,
649 257 715 309 noa.
735 259 769 310 x.

369 536 545 618 acuocu
561 539 605 613 x.
624 571 669 596 -·
691 536 876 612 cunnus.
985 490 988 495 ⁴

513 823 736 870 sesmarum.

151 924 273 987 Gallum
281 923 406 1004 peilam
418 926 602 1001 consolatur,
614 925 668 1004 qui
679 925 809 985 mam
820 922 871 984 sui
882 923 1084 984 immemorem
1088 965 1097 997 ,

467 1022 576 1082 misere
605 1022 771 1100 deperibat.

152 1151 326 1213 Extremum
345 1155 434 1224 hunc,
454 1154 616 1223 Arethusa,
636 1152 710 1213 mihi
729 1153 854 1214 concede
872 1152 1016 1214 laborem.

185 1231 285 1293 Pauca
303 1251 370 1294 meo
390 1233 486 1305 Gallo,
509 1235 561 1294 sed
581 1249 655 1311 quae
675 1233 757 1309 legat
777 1233 841 1309 ipsa
860 1232 1001 1309 Lycoris,

185 1311 322 1374 Carmina
341 1319 409 1372 sunt
431 1313 562 1373 dicenda.
584 1312 685 1388 Neget
704 1311 771 1388 quis
789 1311 919 1373 carmina
932 1310 1053 1373 Galloi

184 1389 234 1450 Sic
253 1389 321 1465 tibi,
341 1409 431 1469 quum
452 1392 560 1453 fluetus
580 1391 784 1452 subterlabere
803 1390 934 1466 Sicanos,
1053 1413 1055 1420 ·

187 1468 276 1530 Doris
295 1488 396 1529 amara
416 1488 497 1530 suam
518 1489 575 1529 non
594 1469 797 1531 intermisceat
816 1470 944 1530 undam:
1011 1490 1013 1494 ’
1079 1467 1095 1511 ⁶

185 1547 304 1627 Incipe:
326 1548 472 1610 sollicitos
491 1549 572 1611 Galli
593 1548 724 1610 dicamus
744 1565 871 1622 amores,

184 1627 262 1688 Dum
281 1634 384 1688 tenera
403 1630 563 1690 adtondent
582 1628 673 1689 simae
695 1628 829 1704 virgulta
851 1627 992 1703 capellae.
1040 1661 1052 1698 4

185 1705 252 1766 Non
266 1707 401 1769 canimus
421 1706 539 1768 surdis:
560 1709 736 1785 respondent
757 1706 853 1767 omnia
872 1706 977 1768 silvae.

154 1785 228 1856 Quae
240 1804 377 1859 nemora,
399 1793 451 1847 aut
471 1787 521 1865 qui
541 1804 594 1847 vos
614 1787 708 1847 saltus
727 1788 868 1859 habuere,
890 1787 1005 1862 puellae

185 1866 309 1940 Naides,
328 1865 447 1941 indiguo
467 1884 557 1945 quum
576 1866 679 1927 Gallus
698 1883 799 1926 amore
817 1863 955 1944 perirati
1068 1863 1095 1906 ¹⁰

186 1945 263 2004 Nam
284 1962 375 2023 neque
398 1942 520 2004 Parnasi
543 1945 624 2004 vobis
644 1944 725 2020 iuga,
747 1963 814 2006 nam
834 1961 926 2021 neque
947 1943 1033 2004 Pindi

187 2023 257 2083 Vlla
277 2042 390 2084 moram
410 2024 517 2098 iecere,
538 2041 632 2101 neque
656 2024 748 2085 Aonie
770 2023 952 2100 Aganippe.
1047 2095 1049 2098 y

187 2101 275 2161 Illum
294 2103 384 2162 etiam
404 2101 491 2176 lauri,
514 2101 605 2162 etiam
624 2103 736 2162 flevere
755 2101 910 2179 myricae:

187 2180 299 2243 Pinifer
319 2182 405 2242 illum
425 2181 515 2241 etiam
535 2183 598 2244 sola
617 2183 672 2242 sub
691 2199 764 2259 rupe
792 2183 936 2241 iacentem

187 2261 337 2319 Maenalus
356 2267 388 2320 el
409 2260 499 2337 gelidi
520 2259 667 2321 fleverunt
688 2278 759 2321 saxa
774 2259 892 2338 Lycaei.
1067 2254 1093 2300 ¹⁵

187 2339 274 2397 Stant
293 2345 325 2397 et
345 2358 416 2400 oves
435 2340 559 2413 aucum,
582 2337 688 2419 (nostri
710 2358 762 2399 nec
782 2338 912 2416 poenitet
932 2337 1013 2413 illas,
1058 2380 1060 2384 ι

187 2417 250 2476 Nec
269 2423 300 2476 tc
318 2418 464 2494 poenileat
484 2417 608 2496 peeoris.
631 2418 729 2478 divine
750 2426 852 2494 poeta:

187 2496 227 2555 Et
247 2495 391 2556 formosus
411 2516 482 2558 oves
501 2499 539 2558 ad
559 2496 679 2556 flumina
699 2498 782 2575 pavit
797 2493 934 2576 Adonis.)

186 2574 277 2634 Venit
298 2581 329 2635 et
349 2576 461 2652 upilio:
484 2577 562 2636 tardi
584 2593 692 2636 venere
714 2575 853 2637 bubulci:
951 2607 953 2611 π

185 2652 301 2713 Vvidus
321 2653 442 2716 hiberna
462 2655 543 2715 venit
564 2656 599 2714 de
619 2655 726 2731 glande
746 2655 905 2715 Menalcas.
976 2654 979 2658 ’
1064 2653 1094 2701 ⁸⁰

186 2734 305 2806 Omnes,
326 2732 401 2792 unde
419 2751 503 2793 amor
522 2734 592 2807 iste,
613 2742 730 2810 rogant,
753 2733 831 2794 tibil
853 2731 951 2795 Venit
963 2733 1091 2814 Apollo:

187 2812 285 2881 Galle,
305 2812 373 2891 quid
392 2811 526 2872 insanisl
547 2811 662 2891 inquit:
685 2820 736 2873 tua
755 2830 826 2873 cura
846 2811 979 2891 Lycoris,

187 2891 303 2982 Perque
316 2891 400 2950 nives
412 2890 503 2950 alium
516 2908 625 2968 perque
638 2892 759 2952 horrida
772 2900 870 2951 castra
883 2899 984 2953 secuta
993 2896 1052 2954 est.

186 2971 276 3028 Vemt
296 2976 328 3029 et
347 2969 459 3045 agresti
480 2970 584 3046 capitis
604 2969 740 3030 Silvanus
761 2973 883 3045 honore,
1019 3022 1020 3026 ,

185 3048 343 3108 Florentes
361 3049 471 3107 ferulas
491 3056 521 3107 et
542 3050 664 3124 grandia
683 3049 746 3108 lilia
767 3066 916 3126 quassans.
959 3047 961 3050 ⁴
1011 3050 1014 3055 ⁴
1065 3045 1094 3093 ὅ

186 3125 249 3184 Pan
268 3128 347 3187 Deus
366 3126 509 3186 Arcadiae
529 3126 622 3199 venit,
644 3146 730 3206 quem
751 3128 878 3189 vidimus
897 3126 954 3207 ipsi

185 3204 358 3282 Sanguineis
377 3206 456 3266 ebuli
475 3205 571 3268 baccis
590 3206 735 3284 minioque
755 3209 921 3267 rubentem.
1073 3206 1075 3212 ’

186 3285 294 3361 Ecquis
314 3284 373 3345 erit
392 3285 518 3345 modusl
537 3286 643 3361 inquit.
665 3297 759 3345 Amor
779 3304 835 3346 uon
854 3286 928 3366 talia
953 3292 1051 3348 curat.

185 3363 249 3423 Nec
267 3362 399 3426 lacrimis
417 3362 546 3424 crudelis
566 3366 670 3439 Amor,
692 3382 744 3423 nec
764 3364 898 3441 gramina
924 3362 1011 3439 rivis,

186 3440 250 3529 NV
268 3458 305 3549 V
308 3441 365 3502 1³⁸⁰
385 3449 557 3533 murentur
571 3459 651 3540 toea,
666 3461 719 3506 nec
734 3443 835 3508 froude
848 3444 987 3549 capellae.
1066 3441 1094 3514 tl
