2514 4178
231 259 269 313 14
588 271 617 315 r.
637 266 815 316 1111111111.

270 360 331 419 Per
352 366 475 435 terram,
498 367 529 421 et
550 378 662 421 summo
683 359 810 436 vestigia
831 358 955 437 pulvere
976 357 1105 436 signent.

269 439 344 499 Post
365 440 463 500 valido
484 439 579 499 nitens
599 441 652 499 sub
672 441 800 516 pondere
821 438 936 516 faginus
959 439 1023 500 axis

269 518 429 594 instrepat,
451 527 481 579 et
502 518 617 579 iunctos
637 525 717 579 temo
737 520 840 579 trahat
860 535 965 578 aereus
984 521 1083 578 orbes.

269 598 384 657 Interea
407 599 473 674 pubi
494 597 651 657 indomitae
671 617 727 657 nou
748 598 881 674 gramina
902 603 1029 670 tantum,

267 676 331 736 Nec
351 695 452 737 vescas
472 677 594 738 salicum
614 676 742 749 frondes,
765 677 923 753 ulvamque
943 676 1121 750 palustrem,
1143 675 1181 718 ¹⁷⁵

267 757 325 815 Sed
349 756 495 816 frumenta
516 775 601 816 manu
622 773 725 832 carpes
744 763 830 831 sata3
853 774 906 815 nec
927 754 982 815 tibi
1002 755 1081 815 setae

267 835 351 894 More
372 843 488 911 patrum
509 835 594 896 nivea
613 835 776 913 implebunt
796 833 970 896 mulctraria
991 852 1108 906 vaccae,

267 915 324 974 Sed
345 921 407 975 tota
429 914 457 973 in
480 916 579 975 dulces
599 923 768 976 consument
788 916 879 976 ubera
898 921 993 973 natos.

232 990 279 1055 tin
298 995 336 1054 ad
357 994 434 1052 bella
455 994 550 1070 magis
569 995 710 1065 studium,
734 1002 905 1071 turmasque
924 994 1049 1068 seroces,

265 1076 327 1132 Aut
348 1073 461 1149 Alplrea
483 1073 559 1133 rotis
578 1073 706 1150 praelabi
728 1073 847 1133 llumina
870 1073 965 1146 Pisae,
1139 1070 1178 1116 ¹⁸⁰

265 1153 306 1211 Et
328 1152 407 1211 lovis
427 1151 456 1211 in
477 1152 541 1212 luco
562 1171 667 1212 currus
686 1152 802 1228 agitare
822 1152 978 1227 volantes3

267 1230 386 1291 Primus
406 1232 472 1310 equi
494 1233 577 1292 labor
598 1240 655 1305 est,
678 1233 788 1292 animos
809 1240 897 1310 atque
918 1249 1000 1291 arma
1022 1230 1126 1292 videre

265 1310 445 1384 Bellantum‚
468 1312 614 1388 lituosque
635 1310 717 1388 pati3
741 1319 896 1388 tractuque
917 1318 1085 1388 gementem

265 1390 361 1449 Ferre
381 1397 489 1464 rotam,
512 1398 543 1450 et
564 1391 679 1451 stabulo
701 1391 797 1450 srenos
817 1389 919 1449 audire
940 1397 1086 1450 sonantes

265 1469 339 1529 'lum
361 1469 455 1545 magis
476 1476 563 1545 atque
582 1469 678 1546 magis
698 1469 811 1530 blandis
830 1471 960 1545 gaudere
979 1468 1118 1545 magistri
1138 1465 1176 1510 ¹⁸⁵

264 1548 422 1621 Laudibus,
444 1556 475 1608 et
496 1550 613 1626 plausae
633 1549 760 1610 sonitum
781 1547 906 1609 cervicis
925 1566 1036 1609 amare.

264 1630 362 1704 Atque
383 1630 454 1687 haec
473 1627 531 1687 iam
552 1628 647 1705 primo
668 1629 805 1705 depulsus
825 1628 861 1687 ab
882 1629 971 1687 ubere
991 1627 1099 1688 matris

265 1709 391 1780 Audeat,
414 1707 500 1784 inque
521 1707 615 1767 vicem
637 1710 685 1769 det
706 1707 843 1768 mollibus
865 1725 916 1767 ora
935 1706 1073 1784 capistris

263 1785 424 1855 InvaliduS,
445 1787 592 1864 etiamque
612 1796 752 1859 tremens,
775 1787 864 1848 etiam
884 1785 991 1847 inscius
1011 1785 1088 1847 aevi.

264 1867 318 1939 At,
341 1866 438 1925 tribus
458 1869 582 1939 exactis,
604 1867 651 1926 ubi
674 1874 778 1942 quarta
799 1867 954 1927 accesserit
976 1873 1084 1939 aestas,
1136 1863 1175 1907 ¹⁹⁰

264 1945 393 2020 Carpere
414 1963 483 2004 mox
504 1962 614 2021 gyrum
634 1946 764 2023 incipiat,
786 1945 982 2022 gradibusque
1002 1963 1106 2005 sonare

264 2023 450 2100 Compositis
472 2023 625 2100 sinuetque
644 2027 759 2086 alterna
779 2024 928 2085 volumina
948 2041 1080 2100 crurum,

264 2103 367 2180 Sitque
388 2102 532 2162 laboranti
552 2103 678 2166 slmilis:
702 2112 765 2165 tum
786 2104 919 2165 cursibus
939 2120 1027 2162 auras

265 2183 425 2256 Provocel,
447 2201 493 2251 ac,
514 2200 567 2260 per
588 2191 690 2260 aperta
710 2185 824 2257 volans,
846 2202 898 2244 ceu
919 2183 996 2243 liber
1016 2182 1146 2252 habenis,

262 2265 409 2338 Aequora,
433 2261 485 2321 vix
505 2281 618 2323 summa
638 2262 766 2339 vestigia
786 2271 873 2340 ponat
894 2279 1003 2323 arena:
1135 2258 1173 2337 ¹9³

263 2339 364 2412 Qualis
384 2341 584 2418 Hyperboreis
605 2342 712 2420 Aquilo
733 2362 821 2420 quum
843 2344 947 2403 densus
967 2342 1003 2400 ab
1023 2340 1085 2401 oris

262 2419 408 2493 Incubuit,
429 2420 625 2499 Scythiaeque
645 2422 756 2481 hiemes
777 2429 865 2499 atque
885 2420 967 2480 arida
987 2419 1088 2480 differt

263 2499 391 2559 Nubila:
415 2507 478 2560 tum
499 2509 615 2576 segetes
635 2501 714 2561 altae
734 2501 885 2577 campique
905 2506 1040 2560 natantes

261 2579 388 2638 Lenibus
409 2581 584 2639 horrescunt
605 2580 717 2653 flabris,
740 2598 925 2657 summaeque
946 2597 1081 2638 sonorem

261 2659 341 2719 Dant
360 2657 464 2731 silvae,
488 2659 624 2736 longique
645 2666 752 2735 urgent
773 2662 810 2719 ad
831 2659 937 2719 littora
956 2658 1084 2718 fluctus:
1131 2655 1172 2700 2⁰⁰

260 2738 316 2797 llle
337 2738 430 2809 velat,
452 2738 540 2798 simul
561 2756 634 2798 arva
653 2738 722 2814 luga
742 2738 829 2798 simul
850 2757 974 2815 aequora
995 2755 1130 2798 verrens.

261 2817 317 2877 llic
337 2818 386 2876 rel
407 2818 443 2876 ad
463 2817 530 2876 Elei
550 2825 655 2891 metas,
678 2826 707 2877 et
730 2836 865 2877 maxuma
885 2816 978 2893 campi

262 2896 382 2957 Sudabit
403 2895 506 2973 spatia,
530 2905 560 2957 et
581 2914 698 2973 spumas
717 2905 786 2974 aget
807 2916 859 2958 ore
879 2903 1027 2970 cruentas,

261 2974 381 3050 Belgica
402 2975 451 3034 vel
471 2975 554 3036 molli
574 2976 679 3035 melius
699 2976 775 3036 feret
796 2978 897 3037 esseda
917 2976 1005 3035 collo.

261 3055 336 3112 Tum
357 3055 473 3114 demum
494 3072 592 3115 crassa
613 3061 749 3130 maguum
770 3054 918 3132 farragine
939 3072 1044 3131 corpus
1130 3052 1171 3096 ²⁰⁵

261 3134 401 3192 Crescere
420 3131 478 3192 ianr
500 3132 618 3194 domitis
638 3134 743 3211 sinit03
766 3152 889 3212 namque
909 3140 977 3193 ante
998 3135 1170 3195 domandum

261 3213 399 3287 Ingentes
419 3212 525 3272 tollent
546 3211 669 3285 animos,
691 3214 845 3291 prensique
865 3215 1012 3290 negabunt

261 3290 395 3350 Verbera
414 3291 495 3351 lenta
515 3292 588 3369 pati,
611 3299 641 3352 et
663 3291 744 3353 duris
764 3311 869 3370 parere
890 3291 1010 3369 lupatis.

224 3370 279 3431 Sel
300 3387 355 3430 non
376 3370 436 3429 ulla
457 3370 552 3445 magis
573 3370 653 3430 vires
673 3370 817 3433 industria
838 3373 951 3440 firmat,

262 3450 354 3531 Quam
375 3450 520 3513 Venerem
541 3457 572 3519 et
592 3449 670 3511 caeci
690 3451 826 3514 stimulos
847 3459 985 3517 avertere
1004 3448 1171 3530 amoris,²¹⁰
