2514 4178
202 217 242 280 60
559 235 589 280 r.
608 235 734 279 vmcnm
749 234 786 280 tt.

242 322 334 386 Aonio
354 321 471 385 rediens
491 323 630 384 deducam
649 322 763 384 vertice
783 322 906 384 Musast

244 403 362 465 Primus
381 406 532 464 Idumaeas
552 403 679 464 referam
699 401 766 474 tibi,
788 403 919 474 Mantua,
941 399 1076 479 palmasa

242 485 282 543 Et
304 483 394 544 viridi
414 483 442 543 in
462 500 563 559 campo
584 482 727 558 templum
747 483 783 543 de
802 498 949 542 marmore
970 499 1075 557 ponam

242 563 371 639 Propter
389 579 506 641 aquam,
529 560 623 622 tardis
642 560 745 637 ingens
764 561 814 621 ubi
834 560 958 620 lienibus
979 569 1062 621 errat

241 641 379 714 Mincius,
400 649 431 702 et
454 647 554 700 tenera
574 639 721 717 praetexit
742 638 882 700 arundine
901 639 991 717 ripas.

242 721 275 778 ln
295 721 392 781 modio
412 719 484 778 mihi
504 721 611 780 Cacsar
631 719 703 791 erit,
726 719 925 812 templumque
945 716 1070 779 tenebit.

241 799 291 858 lili
310 799 407 859 victor
427 816 494 875 ego,
516 805 548 858 et
567 797 661 874 Tyrio
680 804 853 874 conspectus
872 816 901 856 m
921 805 1005 858 ostro

240 880 365 938 Centum
384 878 573 955 quadriiugos
591 876 709 953 agitabo
729 879 766 938 ad
787 875 907 936 llumina
926 893 1043 936 currus.

193 961 198 971 ’
240 957 352 1016 Cuncta
371 957 454 1030 mihi,
476 957 623 1032 Alpheum
644 956 775 1033 linquens
795 955 933 1034 lucosque
953 955 1113 1031 Molorchi,

240 1035 382 1096 Cursibus
400 1044 431 1095 et
451 1037 541 1096 crudo
562 1037 698 1097 decernet
718 1035 840 1096 Graecia
859 1043 953 1096 cestu.
1123 1033 1149 1081 2⁶

241 1114 318 1191 lpse,
339 1121 427 1191 caput
447 1122 546 1175 tonsae
565 1113 644 1174 foliis
663 1121 784 1175 ornatus
803 1114 910 1186 olivae,

241 1194 322 1253 Dona
343 1194 445 1252 feram.
468 1195 530 1252 lam
549 1211 624 1253 nunc
643 1195 799 1254 sollemnes
819 1195 926 1255 ducere
946 1209 1066 1273 pompas

239 1274 287 1333 Ad
308 1274 429 1334 delubra
449 1273 543 1346 iuvat,
564 1291 718 1350 caesosque
738 1272 840 1331 videre
860 1272 1018 1334 iuvencos:

239 1352 298 1412 Vel
317 1368 402 1414 scena
421 1359 455 1413 ut
475 1352 572 1413 versis
591 1352 720 1412 discedat
741 1351 897 1425 frontibus,
919 1359 1010 1430 utque

238 1431 393 1509 Purpurea
412 1431 517 1492 intexti
539 1431 646 1492 tollant
667 1432 767 1490 aulaea
786 1429 933 1490 Britanni.
957 1436 960 1441 ’

238 1511 271 1571 ln
291 1512 402 1571 foribus
422 1528 548 1588 pugnam
568 1528 606 1571 ex
626 1527 697 1570 auro
718 1509 867 1587 solidoque
886 1509 1043 1588 elephanto

238 1591 437 1666 Gangaridum
457 1589 572 1663 faciam,
594 1587 774 1667 victorisque
793 1607 875 1649 arma
895 1589 1031 1661 Quiriniz

236 1673 334 1748 Atque
354 1669 402 1729 bio
421 1670 577 1729 undantem
598 1669 687 1740 bello,
708 1685 904 1745 magnumque
923 1668 1063 1730 fluentem

236 1750 351 1823 Nilum,
372 1766 407 1807 ae
426 1748 523 1808 navali
544 1755 700 1824 surgentes
720 1765 789 1806 aere
809 1747 968 1808 columnas.

235 1830 350 1888 Addam
370 1827 458 1886 urbes
477 1826 564 1886 Asiae
585 1826 720 1899 domitas,
742 1827 915 1903 pulsumque
933 1826 1105 1904 Niphaten,l

234 1907 446 1983 Fidentemque
466 1904 535 1981 iuga
555 1906 702 1965 Parthum
723 1905 874 1983 versisque
893 1905 1025 1981 sagittis,

234 1987 275 2046 Et
296 1986 353 2045 duo
372 1991 458 2061 rapta
477 2003 563 2044 manu
584 1985 701 2044 diverso
721 2003 758 2045 ex
779 1987 864 2044 hoste
883 1991 1016 2062 tropaea,

234 2065 342 2141 Bisque
362 2063 559 2140 triumphatas
580 2071 705 2141 utroque
725 2066 762 2124 ab
782 2064 871 2124 litore
891 2070 1007 2139 gentes.

234 2145 360 2205 Stabant
380 2148 412 2201 et
433 2141 515 2202 Parii
534 2143 657 2218 lapides,
679 2143 822 2220 spirantia
840 2143 944 2219 signa3

232 2220 369 2284 Assaraci
389 2221 489 2298 proles
508 2221 705 2298 demissaeque
725 2224 760 2281 ab
781 2223 854 2281 Jove
888 2219 985 2298 gentis
1117 2223 1145 2269 ³⁵

232 2300 370 2373 Nomina,
390 2301 523 2377 Trosque
544 2318 658 2377 parem,
680 2308 712 2361 et
731 2301 838 2361 Troiae
861 2300 1007 2379 Cynthius
1026 2310 1142 2366 auctor.

233 2379 347 2440 Invidia
367 2378 470 2440 infelix
491 2380 598 2440 Furias
617 2398 787 2458 amnemque
807 2397 944 2440 severum

232 2458 338 2536 Cocyti
358 2466 482 2533 metuet,
505 2466 658 2537 tortosque
679 2459 787 2519 Ixionis
807 2476 928 2535 angues,

232 2540 447 2616 immanemque
467 2546 576 2611 rotam,
596 2546 627 2598 et
648 2556 703 2597 non
724 2538 927 2616 exsuperabile
947 2555 1061 2601 saxum.

234 2619 348 2679 interea
369 2618 521 2694 Dryadum
541 2617 631 2677 silvas
650 2617 800 2695 saltusque
820 2635 975 2696 sequamur
1114 2620 1143 2664 ⁴⁰

232 2698 373 2769 intactos,
395 2702 458 2769 tua,
480 2696 643 2768 Maecenas,
665 2697 742 2756 haud
762 2696 863 2757 mollia
882 2697 970 2758 iussa.

232 2778 274 2836 Te
295 2775 357 2836 sine
376 2774 418 2834 nil
437 2775 532 2835 altum
552 2792 633 2834 mens
652 2775 791 2852 inchoat3
813 2794 861 2850 en,
882 2794 958 2853 age,
980 2795 1085 2854 segnes

232 2857 348 2931 Rumpe
367 2870 486 2914 moras:
508 2861 594 2915 vocat
614 2854 727 2929 ingenti
747 2856 876 2915 clamore
888 2857 1059 2931 Cithaeron,

231 2931 418 3010 Taygetique
437 2950 533 3006 canes,
557 2933 755 3011 domitrixque
774 2934 938 3012 Epidaurus
957 2953 1119 3014 equorum:

232 3012 274 3072 Et
295 3029 355 3071 vox
374 3012 496 3071 adsensu
515 3029 668 3072 nemorum
688 3012 864 3089 ingeminata
885 3015 1027 3091 remugit.
1111 3039 1141 3085 ta

231 3091 304 3150 Mox
323 3097 421 3149 tamen
440 3093 577 3151 ardentes
596 3093 733 3167 adcingar
757 3092 855 3152 dicere
874 3110 986 3169 pugnas
1051 3109 1061 3161 ·,

230 3167 376 3242 Caesaris,
398 3176 429 3228 et
449 3187 553 3228 nomen
572 3169 647 3229 fama
666 3178 713 3231 tot
733 3170 813 3232 ferre
831 3189 885 3249 per
904 3190 1009 3248 annos,

231 3247 353 3307 Tithoni
372 3247 469 3327 prima
489 3255 560 3324 quot
580 3249 663 3309 abest
683 3250 720 3310 ab
740 3251 854 3326 origine
874 3252 992 3312 Caesar.

191 3328 251 3388 Seu
271 3325 347 3404 quis,
370 3326 561 3404 Olympiacae
580 3327 706 3388 miratus
725 3329 854 3406 praemia
873 3331 999 3408 palmae,

232 3405 333 3468 Pascit
354 3423 463 3484 equos,
485 3424 536 3466 seu
557 3407 621 3486 quis
640 3407 734 3469 fortes
752 3412 790 3469 ad
810 3417 910 3471 aratra
930 3409 1078 3491 iuvencos,
1111 3411 1140 3456 ⁵⁰
