2514 4178
423 281 584 326 ouonotcou
605 282 693 328 tmen
712 281 735 327 t.
1016 261 1051 328 at
1107 344 1111 351 ι

146 372 219 432 Tum
242 369 341 431 variae
362 369 487 430 illudant
510 379 628 448 pestes:
650 389 735 447 saepe
755 371 965 448 exiguusmus

145 451 204 510 Sub
225 450 317 511 terris
336 449 489 527 posuitque
510 452 611 511 domos
632 457 719 528 atque
739 452 849 511 horrea
868 450 962 527 secit3

144 531 205 589 Aut
226 529 319 589 oculis
338 528 416 605 capti
436 530 537 588 fodere
560 527 666 589 cubilia
689 529 806 605 talpae3

145 607 340 684 Inventusque
360 606 441 667 cavis
462 605 540 678 bufo,
562 613 594 666 et
613 624 686 684 quae
706 608 834 683 plurima
854 612 956 667 terrae

143 687 278 745 Monstra
289 689 403 760 ierunt,
419 686 595 762 populatque
607 685 756 761 ingentem
766 685 856 746 farris
865 702 1004 744 acervum
1014 681 1051 726 ¹3²

143 764 292 832 Curculio,
313 770 401 841 atque
421 764 499 841 inopi
520 771 654 825 metuens
673 765 794 824 formica
814 768 959 823 senectae.

142 844 364 920 Contemplator
384 842 458 901 item
478 861 567 919 quum
586 848 618 903 se
638 862 698 904 nux
718 842 846 919 plurima
865 841 952 902 silvis

144 922 247 981 lnduet
268 923 297 980 in
319 921 433 992 florem,
455 929 486 981 et
506 939 606 982 ramos
624 922 761 982 curvabit
781 922 916 981 olentes:

141 1000 171 1059 Si
194 1005 332 1077 superant
353 1000 460 1072 foetus,
483 1000 596 1076 pariter
621 988 947 1076 frumenta'sequeniur
959 1017 969 1075 ς

141 1080 304 1155 Magnaque
324 1097 389 1137 oum
411 1096 515 1153 magno
536 1079 634 1139 veniet
655 1079 767 1139 tritura
786 1079 907 1138 calores
1013 1071 1051 1118 ¹⁰‘

143 1160 183 1216 At
204 1158 229 1216 si
252 1157 369 1216 luxuria
390 1157 527 1215 foliorum
548 1160 690 1217 exuberat
711 1158 826 1228 umbra,
952 1213 954 1218 .

139 1235 339 1312 Nequidquam
362 1235 483 1311 pingues
502 1236 585 1311 palea
606 1243 684 1296 teret
704 1253 774 1295 area
793 1236 916 1296 culmos.

139 1315 256 1374 Semina
278 1314 337 1373 vidi
358 1315 492 1389 equidem
513 1315 623 1375 multos
642 1314 787 1374 medicare
807 1319 953 1387 serenteS,

140 1394 180 1452 Et
201 1393 281 1452 nitro
301 1392 382 1469 prius
403 1400 433 1452 et
456 1393 542 1466 nigra
564 1393 736 1469 perfundere
756 1409 885 1463 amurca,

140 1471 286 1531 Grandior
308 1479 340 1530 ut
361 1471 456 1530 foetus
477 1470 591 1548 siliquis
611 1471 764 1532 fallacibus
783 1477 884 1544 esset;
1011 1463 1051 1511 ¹⁰⁵

140 1551 192 1620 Et,
215 1549 349 1626 quamvis
370 1549 430 1625 igni
451 1551 569 1625 exiguo,
591 1557 750 1627 properata
770 1550 938 1622 maderent,

140 1628 208 1688 Vidi
230 1629 307 1687 lecta
328 1629 428 1688 diuet
450 1632 545 1689 multo
565 1635 697 1705 spectata
717 1628 819 1688 labore

138 1708 325 1783 Degenerare
347 1715 454 1780 tamen,
477 1708 505 1767 ni
527 1707 572 1767 vis
592 1709 717 1767 humana
737 1704 892 1784 quotannis

139 1787 277 1844 Maxuma
297 1803 425 1863 quaeque
446 1805 533 1846 manu
553 1787 690 1862 legeret;
712 1785 753 1845 sic
773 1782 869 1845 omnia
888 1779 958 1844 fatis

137 1866 169 1923 ln
190 1865 272 1941 peius
292 1883 390 1936 ruere,
413 1882 446 1923 ac
467 1873 551 1925 retro
572 1866 707 1942 sublapsa
726 1863 850 1924 referri:
1008 1856 1050 1902 ²⁰⁰

139 1944 204 2003 Non
226 1942 315 2002 aliter
337 1961 422 2019 quam
443 1944 491 2021 qui
512 1945 637 2004 adverso
659 1943 710 2004 vix
730 1943 849 2003 flumine
870 1939 998 2002 lembum

139 2021 284 2097 Remigiis
304 2021 428 2097 subigit,
448 2021 474 2082 si
495 2023 613 2082 brachia
634 2023 711 2082 forte
732 2022 861 2089 remisit,

138 2102 234 2178 Atque
255 2100 339 2158 illum
361 2101 390 2159 in
411 2119 549 2178 praeceps
573 2120 664 2178 prono
685 2101 763 2178 rapit
784 2101 887 2161 alveus
906 2096 994 2158 amni.

101 2178 259 2240 Praeterea
280 2187 341 2238 tam
362 2189 429 2240 sunt
450 2181 573 2240 Arcturi
594 2181 690 2240 sidera
711 2179 792 2239 nobis

137 2259 359 2334 Haedorumque
380 2259 442 2318 dies
462 2260 608 2332 servandi,
631 2267 662 2318 et
683 2259 797 2319 lucidus
817 2255 940 2333 Anguis,
1008 2251 1049 2296 ²⁰⁵

138 2339 231 2408 Quam
251 2337 353 2414 quibus
373 2337 403 2395 in
423 2338 550 2413 patriam
570 2344 691 2397 ventosa
711 2355 763 2414 per
784 2353 911 2412 aequora
932 2333 1026 2394 vectis

139 2418 252 2476 Pontus
272 2423 303 2474 et
323 2416 455 2475 ostriferi
474 2416 571 2476 fauces
592 2423 745 2476 tentantur
766 2414 876 2491 Abydi.

138 2496 228 2554 Libra
249 2493 310 2553 dies
330 2495 480 2572 somnique
500 2513 586 2572 pares
606 2495 655 2555 ubi
675 2493 778 2554 iecerit
799 2495 899 2565 horae,

139 2575 178 2632 Et
200 2573 325 2632 medium
347 2573 404 2631 luci
425 2583 512 2650 atque
533 2573 645 2634 umbris
664 2573 724 2632 iam
744 2572 849 2632 dividit
869 2571 982 2644 orbem,

138 2655 295 2723 Exercete,
318 2651 389 2724 viri,
410 2659 523 2724 tauroS,
545 2652 636 2712 serite
656 2654 766 2712 hordea
785 2648 897 2728 campis
1006 2646 1048 2690 ²¹⁰

138 2732 238 2807 Vsque
258 2731 311 2789 sub
331 2738 498 2790 extremum
519 2734 637 2791 brumae
657 2730 853 2792 intractabilis
872 2727 1018 2788 imbrem:

138 2809 199 2868 Nec
220 2828 273 2867 non
294 2815 325 2867 ot
348 2809 399 2867 lini
419 2817 550 2885 segetem
570 2817 601 2868 et
622 2811 743 2870 Cereale
763 2825 891 2886 papaver

137 2888 263 2964 Tempus
282 2889 371 2946 humo
385 2895 500 2964 tegere,
516 2896 546 2949 et
560 2889 727 2949 iamdudum
744 2889 911 2948 incumbere
924 2885 1045 2959 aratris,

137 2967 213 3026 Dum
233 2967 309 3025 sicca
330 2967 439 3026 tellure
460 2967 541 3039 licet,
564 2969 632 3027 dum
653 2968 749 3026 nubila
769 2968 906 3043 pendent.

138 3045 216 3105 Vere
235 3045 310 3104 i'abis
329 3046 425 3121 sati03
448 3054 512 3105 tum
532 3053 564 3106 te
584 3065 707 3124 quoque,
730 3046 852 3119 medica,
873 3052 977 3122 putres
1005 3041 1045 3085 ²¹⁵

136 3123 289 3200 Accipiunt
310 3123 395 3196 sulci,
418 3130 448 3183 et
470 3125 551 3184 milio
571 3125 652 3186 venit
673 3143 765 3185 annua
784 3142 866 3198 cura,

136 3203 281 3263 Candidus
301 3203 414 3262 auratis
434 3204 530 3280 aperit
551 3222 640 3282 quum
659 3203 794 3263 cornibus
814 3221 920 3263 annum

136 3283 261 3354 Taurus,
284 3288 315 3341 et
335 3283 461 3342 adverso
480 3284 584 3344 cedens
604 3282 689 3342 Carris
708 3281 814 3342 occidit
834 3289 928 3342 astro.

136 3362 176 3419 At
197 3359 221 3419 si
244 3359 391 3419 triticeam
412 3360 441 3418 in
465 3379 589 3421 messem
609 3363 787 3438 robustaque
806 3360 888 3421 farra

67 3487 69 3491 a
137 3439 295 3501 Exercebis
315 3440 447 3515 humum,
469 3441 595 3520 solisque
616 3439 738 3501 instabis
757 3438 869 3513 aristis,
1004 3430 1045 3479 2²⁰
1106 3506 1110 3513 Δ
