2514 4178
466 286 630 332 ononoroorr
649 289 738 332 amna
757 289 790 331 11.
1065 272 1105 332 49

195 380 260 454 Ipsa
280 375 382 454 ingens
403 379 501 450 arboS,
522 377 681 455 faciemque
701 377 851 438 simillima
872 378 978 456 lauro,

196 461 248 526 Et,
269 457 294 516 si
315 476 370 515 non
391 457 481 516 alium
501 458 563 517 late
582 457 708 517 iactaret
728 459 859 533 odorem,

194 538 309 596 Laurus
329 543 416 611 erat;
438 535 508 595 tolia
526 537 605 597 haud
626 535 696 596 ullis
715 536 844 597 labentia
865 536 983 612 ventis;

193 616 266 676 Flos
285 617 321 675 ad
341 615 437 692 prima
457 622 567 691 tenax,
589 615 700 676 animas
719 623 750 675 et
771 615 880 676 olentia
900 616 980 674 Medi

193 696 253 754 Ora
273 693 374 754 fovent
395 695 460 764 illo,
481 701 513 754 et
533 695 649 754 senibus
670 695 851 756 medicantur
871 694 995 756 anhelis·
1064 694 1104 738 ¹3⁵

153 774 211 834 Sed
232 791 324 850 neque
344 775 499 834 Medorum
520 774 625 847 silvae,
648 774 792 835 ditissima
812 782 907 847 terra,

192 855 255 914 Neo
275 854 397 927 pulcher
419 855 534 930 Ganges
555 860 643 929 atque
663 869 735 913 auro
756 854 892 914 turbidus
913 854 1045 916 llermus

192 933 339 992 Laudibus
360 932 464 992 Italiae
484 940 621 1007 certent;
643 951 699 992 non
718 934 839 1007 Bactra,
860 951 953 1011 neque
973 933 1050 1010 lndi,

192 1013 324 1087 'l'otaqne
346 1011 480 1071 turiferis
502 1013 647 1072 Panchaia
668 1012 783 1089 pinguis
803 1013 911 1074 arenis.

192 1092 271 1150 ilaec
290 1091 354 1150 loca
373 1109 429 1150 non
450 1090 529 1151 tauri
549 1090 693 1168 spirantes
713 1092 832 1151 naribus
851 1093 951 1168 ignem
1063 1090 1104 1134 ¹⁴⁰

192 1171 357 1242 laventem,
379 1169 453 1230 satis
472 1169 607 1230 immanis
626 1171 761 1231 dentibus
781 1172 883 1248 hydri,

191 1250 255 1308 Neo
275 1249 368 1324 galeis
389 1249 542 1325 densisque
562 1249 661 1308 virum
681 1267 766 1326 seges
787 1248 903 1311 horruit
925 1249 1041 1328 hastis;

192 1329 249 1388 Sed
271 1327 413 1403 gravidae
432 1329 535 1403 fruges
555 1329 715 1389 etBacchi
735 1328 878 1389 Massicus
898 1332 1003 1390 humor

192 1408 379 1484 Implevere3
402 1415 501 1468 tenent
523 1409 604 1467 oleae
624 1415 814 1484 armentaque
836 1409 924 1468 lacta.

192 1486 267 1545 Hinc
287 1487 414 1547 bellator
435 1505 525 1562 equus
545 1504 646 1564 campo
666 1504 730 1547 sese
750 1488 859 1547 arduus
878 1487 989 1562 insert3
1062 1481 1104 1529 ¹⁴⁵

192 1566 266 1624 ilinc
287 1567 357 1640 albi,
380 1566 539 1637 Clitumna,
561 1583 680 1642 greges,
703 1574 734 1626 et
756 1584 904 1637 maxuma,
925 1574 1030 1627 taurus

192 1645 335 1719 Victima,
357 1663 442 1722 saepe
463 1653 514 1706 tuo
534 1646 644 1722 pertusi
666 1646 784 1705 flumine
806 1664 890 1705 sacro

192 1727 339 1786 Romanos
359 1725 395 1785 ad
416 1725 527 1801 templa
547 1725 643 1784 Debm'
663 1727 774 1785 duxere
795 1724 971 1802 triumphos

191 1805 247 1864 Hic
267 1823 322 1864 ver
343 1803 506 1876 adsiduum,
529 1811 617 1881 atque
636 1805 739 1864 alienis
760 1804 905 1865 mensibus
926 1813 1042 1882 aestas3

191 1884 243 1944 Bis
263 1883 405 1958 gravidae
426 1885 560 1958 pecudes,
583 1883 628 1944 bis
648 1887 741 1960 pomis
762 1883 845 1944 utilis
865 1887 961 1945 arbos.
1063 1883 1103 1926 ¹⁵⁰

191 1967 233 2023 At
255 1963 374 2022 rabidae
395 1962 489 2037 tigres
510 1964 615 2022 absunt
635 1972 666 2022 et
687 1981 774 2023 saeva
794 1965 910 2024 leonum

120 2078 124 2085 ι
191 2039 329 2118 Semina,
351 2059 404 2100 nec
424 2041 548 2102 miseros
568 2042 674 2102 fallunt
695 2043 808 2104 aconita
828 2044 981 2119 legentes3

191 2122 254 2181 Nec
275 2121 353 2197 rapit
375 2121 531 2181 immensos
553 2123 639 2181 orbes
658 2139 711 2200 per
733 2122 863 2196 humum,
886 2141 979 2198 neque
1000 2122 1083 2184 tanto

190 2202 353 2277 Squameus
373 2199 402 2258 in
423 2200 532 2277 spiram
553 2207 652 2260 tractu
673 2218 704 2261 se
725 2202 841 2277 colligit
861 2202 975 2277 anguis.

190 2281 274 2339 Adde
295 2285 341 2338 tot
361 2279 498 2354 egregias
518 2281 617 2352 urbes,
639 2299 816 2356 operumque
835 2281 977 2354 laborem,
1064 2280 1103 2322 ¹⁵⁵

191 2360 248 2418 Tot
270 2366 409 2433 congesta
428 2378 516 2419 manu
536 2360 703 2436 praeruptis
724 2359 828 2435 oppida
847 2359 937 2434 saxia,

190 2438 384 2515 Fluminaque
405 2438 540 2514 antiquos
560 2438 790 2498 subterlabentia
809 2456 919 2498 muros.

190 2520 237 2576 An
251 2535 345 2589 marc,
361 2519 436 2593 quod
451 2535 551 2592 supra,
567 2534 737 2590 memorem,
754 2518 885 2593 quodque
906 2517 992 2578 alluit
1006 2516 1102 2577 intrat
1189 2560 1192 2564 Δ

190 2599 274 2655 Anne
296 2597 377 2655 lacus
398 2595 520 2655 tantosl
542 2603 585 2666 to,
608 2597 679 2656 Lari
699 2614 846 2668 maxume,
869 2604 968 2673 teque,

191 2675 347 2735 Fluctibus
367 2682 397 2733 et
418 2674 540 2733 srcmitu
560 2693 718 2750 assurgens
736 2676 849 2733 Benace
869 2677 1006 2736 marinoi
1064 2673 1104 2718 ¹⁵⁰

145 2750 149 2757 “
190 2757 237 2812 An
258 2771 418 2812 memorem
439 2761 553 2829 portus,
576 2754 759 2829 Lucrinoque
780 2755 878 2815 addita
899 2757 1012 2816 claustr

192 2838 291 2908 Atque
311 2832 494 2907 indignatum
516 2832 628 2908 magnis
649 2832 825 2893 stridoribus
845 2853 967 2912 aequor,

190 2911 266 2970 Iulia
286 2931 342 2988 qua
362 2919 450 2987 ponto
471 2911 558 2986 longe
578 2919 661 2972 sonat
683 2913 758 2972 unda
778 2912 889 2986 refuso,

190 2992 422 3067 'tyrrhenusque
442 2990 530 3050 iretis
550 2990 724 3051 immittitur
745 2999 844 3052 aestus
864 2994 1017 3055 Avernisl

189 3071 270 3129 Haeo
290 3070 392 3128 eadem
412 3069 529 3145 argenti
551 3069 633 3130 rivos
652 3070 785 3146 aerisque
806 3072 928 3133 metalla
1062 3071 1102 3118 ¹⁵⁵

190 3148 327 3209 Ostendit
348 3148 443 3221 venis,
465 3156 552 3224 atque
573 3167 645 3208 auro
666 3149 793 3226 plurima
814 3151 913 3212 fluxit.

189 3229 270 3287 Haec
291 3244 383 3303 genus
402 3245 471 3286 acre
491 3228 601 3299 virium,
618 3230 744 3296 Marsos
763 3231 923 3307 pubemque
941 3233 1100 3305 Sabellam,

190 3308 411 3383 Adsuetamque
431 3306 509 3366 malo
529 3305 683 3383 Ligurem,
705 3308 885 3385 Volscosque
905 3318 1027 3371 verutos

189 3385 332 3446 Extulit:
355 3387 426 3446 haee
446 3385 560 3459 Decios
584 3386 707 3460 Marios,
729 3405 906 3464 magnosque
926 3390 1077 3459 Camillos,

190 3464 338 3540 Scipiadas
359 3467 447 3525 duros
467 3466 557 3533 bello,
579 3472 610 3524 ot
631 3471 673 3539 te,
696 3485 831 3526 maxume
852 3468 970 3543 Caesar,
1064 3466 1102 3510 ¹⁷⁰

203 3568 231 3618 P.
251 3568 345 3629 Vtrqttii
359 3570 392 3616 dd.
406 3569 521 3619 Bucolico
534 3575 556 3615 ot
570 3568 691 3626 (iteratae.
1087 3573 1102 3620 l
