2514 4178
152 237 189 308 to
506 260 535 304 a,
557 258 679 305 vinoun
700 258 735 305 n.

188 356 241 426 At,
263 350 349 412 simul
369 351 492 409 heroum
513 350 614 408 laudes
635 357 665 408 ct
685 349 762 409 iacta
782 350 913 426 parentis

187 433 248 491 Iam
268 429 381 506 legere,
401 436 432 488 et
453 427 596 504 quaesit,
619 428 730 504 poteris
751 446 936 504 cognoscere,
959 428 1067 504 vintru,

187 508 272 570 Molli
292 507 446 586 paullatim
466 507 605 567 flavescet
625 524 744 584 campus
758 507 862 575 arista,

187 586 364 664 Incultisque
384 589 491 646 rubens
513 585 646 663 pendebit
668 585 798 647 sentibus
818 604 887 659 uva,

187 668 228 726 Iit
249 667 339 726 durae
359 683 483 745 quercus
503 665 644 724 sudabunt
665 664 779 725 roscida
799 666 898 725 mella.
1070 690 1098 734 ³0

188 746 284 806 Pauca
303 753 403 806 tamen
424 745 564 804 suberunt
584 744 697 821 priscae
717 743 843 820 vestigia
864 744 987 816 fraudis,

187 827 265 895 Quae
286 831 401 884 tentare
422 822 541 883 Thetim
561 821 687 894 ratibus,
709 841 782 899 quae
802 823 921 898 cingere
941 823 1034 884 muris

187 902 311 981 Oppida,
333 921 405 981 quae
425 902 541 962 iubeant
562 901 666 961 telluri
686 901 828 962 infindere
849 904 955 963 sulcos

186 983 274 1042 Alter
295 980 354 1042 crit
374 989 438 1042 tum
458 980 583 1058 Tiphys,
606 986 637 1039 et
657 981 753 1040 altera
773 1000 845 1059 quae
866 983 956 1042 vehat
976 983 1059 1058 Argo

187 1062 324 1122 Delectos
345 1061 471 1134 beroas3
493 1066 581 1119 crunt
602 1058 691 1118 etiam
711 1060 806 1119 altera
828 1061 917 1133 bella,
1072 1086 1098 1127 35

186 1142 284 1217 Atque
304 1138 412 1199 iterum
433 1141 469 1200 ad
490 1138 608 1198 Troiam
628 1154 750 1215 magnus
770 1139 909 1200 mittetur
931 1139 1072 1200 Achilles,

186 1218 273 1290 Hinc,
294 1218 341 1278 ubi
362 1217 420 1278 iam
440 1218 559 1279 firmata
578 1217 677 1276 virum
697 1224 729 1278 te
748 1217 851 1278 fecerit
871 1226 964 1290 aetas,

186 1297 277 1357 Cedet
297 1303 328 1357 et
347 1295 410 1374 ipse
429 1295 505 1357 mari
524 1303 639 1368 vector,
661 1313 713 1356 nec
732 1297 846 1357 nautica
867 1299 952 1374 pinus

186 1374 315 1436 Mutabit
336 1392 470 1450 merces3
493 1374 586 1435 omnis
604 1374 681 1434 feret
702 1375 797 1434 omnia
819 1376 930 1451 tellus3

185 1454 251 1515 Non
272 1461 386 1515 rastros
406 1454 536 1532 patietur
557 1455 675 1527 humus,
697 1473 751 1515 non
772 1455 857 1514 vinea
877 1454 1003 1533 falcem3
1070 1480 1099 1525 ⁴0

187 1534 336 1593 Robustus
357 1550 468 1610 quoque
488 1532 546 1592 iam
567 1531 660 1593 tauris
680 1533 749 1608 iuga
769 1534 865 1594 solvet
886 1542 999 1608 arator,

185 1613 248 1672 Nec
268 1611 367 1671 varios
388 1612 480 1672 discet
500 1610 619 1671 mentiri
641 1612 705 1670 lana
725 1612 859 1673 colores:

186 1691 251 1767 lpse
271 1692 321 1750 sed
342 1690 371 1749 in
391 1690 485 1767 pratis
504 1689 582 1750 aries
601 1689 659 1750 iam
680 1708 769 1750 suavo
790 1691 905 1751 rubenti

186 1768 310 1842 Murice,
326 1768 391 1851 iam
411 1786 513 1829 croceo
533 1768 659 1829 mutabit
679 1771 793 1829 vellera
814 1771 898 1830 luto:

185 1849 294 1925 Sponte
314 1864 364 1907 sua
384 1848 498 1924 sandyx
517 1855 669 1925 pascentes
689 1848 799 1908 vestiet
819 1867 919 1924 agnos.
1070 1873 1099 1920 ⁴⁵

185 1925 268 1986 Talia
290 1927 380 1999 secla,
401 1926 463 1985 suis
482 1926 633 2000 dixerunt,
655 1928 780 1999 currite,
802 1927 874 1986 fusis

184 2006 347 2066 Concordes
366 2005 466 2066 stabili
485 2005 613 2065 fatorum
633 2007 747 2066 numine
768 2007 889 2067 Parcae.

185 2084 358 2160 Aggredere
378 2104 395 2144 o
416 2101 548 2159 magnos,
570 2085 666 2144 aderit
687 2086 745 2144 iam
762 2093 889 2163 tempus,
911 2086 1049 2162 bonores,

184 2163 260 2223 (lura
278 2163 371 2223 Derim
391 2164 516 2234 soboles,
540 2180 675 2238 magnum
696 2163 775 2224 Iovis
795 2164 1032 2227 incrementum!

185 2241 310 2319 Adspice
320 2259 451 2302 convexo
472 2248 623 2301 nutantem
643 2244 770 2318 pondere
791 2246 951 2320 mundum3
1073 2270 1100 2314 uo

185 2321 351 2398 Terrasque
371 2327 542 2397 tractusque
562 2319 653 2380 maris
673 2322 842 2400 coelumque
859 2323 1058 2402 profundum5

186 2399 320 2476 Adspice,
343 2407 469 2460 venturo
490 2400 638 2460 laetantur
659 2407 692 2460 ut
712 2402 807 2461 omnia
822 2404 910 2461 seclo.

185 2480 210 2536 0
230 2478 302 2538 mihi
322 2486 385 2539 tam
404 2478 508 2554 longao
528 2486 644 2539 maneat
665 2497 734 2557 pars
754 2481 859 2541 ultima
879 2483 978 2553 vitae,

185 2556 314 2634 Spiritus
334 2564 376 2625 et,
397 2565 536 2634 quantum
556 2564 603 2617 sat
624 2558 695 2631 erit,
709 2565 761 2619 tua
780 2560 877 2619 dicere
897 2559 997 2621 factal

185 2636 251 2695 Non
271 2654 318 2695 me
338 2635 513 2696 carminibus
527 2635 625 2696 vincet
646 2655 697 2696 nec
713 2638 856 2698 Thracius
871 2639 1017 2714 Orpheus,
1072 2665 1099 2709 5⁵

186 2713 248 2773 Noc
267 2715 378 2792 Linus3
400 2715 468 2775 huic
488 2722 583 2774 mater
604 2715 748 2792 quamvis,
771 2725 858 2795 atque
879 2718 946 2778 huic
973 2727 1060 2796 pater

996 2798 1097 2879 (adsit,

185 2870 295 2947 Orphei
315 2870 474 2947 Calliopea,
489 2871 562 2930 Lino
583 2871 727 2933 formosus
740 2876 858 2952 Apollo.

186 2950 260 3022 Pan,
281 2950 371 3009 etiam
392 2950 516 3009 Arcadia
536 2968 649 3010 mecum
669 2951 695 3012 si
715 2952 808 3013 iudice
828 2960 937 3029 certet,

186 3027 247 3086 Pan
267 3028 356 3088 etiam
377 3028 501 3090 Arcadia
522 3029 599 3090 dieat
620 3048 652 3090 se
672 3030 765 3091 iudice
786 3033 909 3094 victum.

185 3106 292 3183 Incipe,
313 3120 405 3184 parve
425 3125 508 3185 puer,
526 3107 586 3167 risu
607 3128 782 3186 cognoscere
803 3120 951 3189 matrcrn;
1073 3138 1102 3187 ω

184 3185 274 3244 Matri
296 3186 382 3260 longa
403 3186 502 3246 decem
525 3188 656 3249 tulerunt
676 3189 793 3251 fastidia
812 3209 936 3251 menses.

183 3262 290 3340 lncipc,
311 3281 402 3340 parve
422 3283 508 3342 puer,
528 3264 574 3324 cui
595 3285 651 3326 non
670 3267 764 3327 risere
786 3278 943 3345 parentes3

183 3341 245 3401 Nec
265 3344 343 3404 Deus
364 3344 440 3403 bunc
460 3362 569 3420 mensa,
592 3345 653 3405 Dea
673 3364 725 3407 nec
746 3347 865 3423 dignata
887 3350 976 3410 cubili
998 3356 1058 3413 est.
