2514 4178
481 255 634 324 otono,
649 262 714 310 nen.
730 258 773 310 rx.

366 454 540 537 ECLOGA
561 469 622 536 IX.
647 504 692 519 -
713 467 887 539 Montis*

522 669 742 715 auuvttnrst'vti.

152 762 312 848 Refertum
320 773 365 828 est
373 769 512 848 querelis.
529 767 670 846 eriliue
679 786 768 847 apros
778 776 915 848 repetens
918 785 1017 848 paene
1025 757 1098 831 ecci·

152 885 203 926 eus
216 874 260 927 est
272 884 294 926 a
310 866 488 928 Centuriooe
501 863 605 927 Arrio.
619 865 786 928 Mereatur
797 873 828 927 et
839 865 972 947 Aupustt'
981 867 1096 928 tatcdco.

487 1042 620 1099 arunas,
641 1043 759 1087 nonnis.

152 1141 189 1200 L.
211 1142 272 1214 Quo
293 1147 337 1214 te,
359 1139 465 1213 Moeri,
487 1139 602 1218 pedesi
621 1158 671 1210 an,
685 1159 742 1219 quo
755 1139 805 1202 via
818 1141 913 1209 ducit,
928 1140 1096 1202 inurbeml
1187 1181 1191 1187 -

156 1221 199 1280 M.
221 1222 247 1281 0
267 1219 389 1296 Lycida,
411 1217 473 1278 vivi
494 1218 692 1296 pervenimus,
714 1221 826 1281 advena
845 1220 952 1294 nostri,

191 1299 272 1372 Quod
292 1314 437 1375 nunquam
457 1297 548 1358 veriti
571 1315 683 1373 sumus,
705 1305 739 1359 ut
758 1315 907 1377 possessor
926 1298 1015 1375 agelli

189 1376 331 1438 Diceret:
354 1377 433 1436 Haec
455 1393 520 1436 mea
539 1383 630 1437 sunt:
652 1385 771 1438 veteres
790 1376 919 1453 migrate
938 1377 1043 1439 coloni.

189 1455 274 1517 Nunc
294 1454 379 1529 victi,
402 1455 517 1527 tristes,
539 1455 674 1533 quoniam
694 1457 770 1516 Fors
789 1456 885 1516 omnia
899 1463 1013 1528 versat,
1080 1453 1095 1496 ὅ

190 1534 250 1596 Hos
269 1533 316 1594 illi
335 1530 425 1614 (quod
443 1551 496 1593 nec
515 1534 588 1593 bene
608 1534 722 1613 vertat)
743 1533 890 1595 mittimus
910 1536 1026 1596 haedos.

151 1613 188 1675 L.
211 1615 301 1675 certe
320 1612 453 1691 equidem
472 1612 636 1687 audieram,
656 1631 713 1690 qua
732 1630 764 1674 se
784 1614 944 1673 subducere
963 1614 1055 1674 colles

188 1691 344 1770 Incipiunt,
365 1691 505 1769 mollique
524 1691 626 1768 iugum
646 1692 805 1754 demittere
824 1692 915 1761 clivo,

190 1771 290 1849 Vsque
300 1770 336 1830 ad
346 1788 450 1848 aquam
459 1778 492 1831 et
502 1777 633 1844 veteres,
643 1771 702 1830 iam
712 1770 807 1832 fracta
816 1770 974 1846 cacumina,
984 1770 1004 1831 f.
1013 1787 1078 1848 goe,

186 1848 290 1910 Omnia
309 1848 486 1908 carminibus
505 1857 640 1909 vestrum
660 1867 795 1911 servasse
809 1851 971 1910 Menalcan.
1067 1848 1093 1892 ¹⁰

152 1927 195 1987 M.
218 1928 372 2000 audieras,
394 1934 426 1988 et
446 1928 522 1987 fama
542 1928 616 2004 fuit3
638 1931 690 1989 sed
709 1929 838 1988 carmina
858 1936 973 1991 tantum

187 2007 299 2067 Nostra
319 2006 430 2079 valent,
452 2007 574 2083 Lycida,
597 2007 657 2068 tela
677 2007 757 2068 inter
777 2008 898 2080 Martia,
912 2016 1053 2085 quantum

187 2085 329 2146 Chaonias
348 2085 458 2158 dicunt,
481 2085 579 2163 aquila
599 2087 744 2160 veniente,
766 2087 925 2147 columbas.

186 2165 268 2236 Quod
288 2162 343 2222 nisi
364 2179 411 2222 me
431 2182 610 2242 quacumque
629 2183 720 2226 novas
739 2165 867 2226 incidere
890 2166 960 2227 lites

186 2247 265 2302 Ante
283 2241 404 2302 sinistra
423 2260 497 2303 cava
517 2243 676 2304 monuisset
696 2245 732 2303 ab
751 2243 818 2303 ilice
838 2244 952 2316 cornix,
1066 2243 1090 2288 ¹⁵
1142 2308 1143 2311 ,

186 2320 248 2379 Nec
269 2326 338 2379 tuus
357 2321 404 2379 hio
425 2320 548 2394 Moeris,
568 2339 621 2381 nec
642 2322 759 2383 viveret
779 2323 841 2399 ipse
862 2323 1019 2384 Menalcas.

151 2395 186 2456 t.
202 2398 279 2466 Heu,
291 2397 370 2459 cadit
384 2399 413 2459 in
426 2418 600 2478 quemquam
614 2407 730 2461 tantum
744 2400 858 2462 scelusi
872 2402 930 2461 heu
943 2408 995 2462 tua
1008 2402 1091 2464 nobis

186 2478 283 2538 Paene
302 2475 392 2538 simul
411 2486 508 2539 tecum
528 2478 635 2539 solatia
654 2487 750 2556 rapta,
774 2478 929 2540 Menalca!

185 2554 255 2627 Quis
268 2564 387 2617 caneret
400 2556 578 2635 Nymphaei
598 2556 664 2635 quis
676 2558 797 2618 humum
809 2558 981 2620 florentibus
991 2559 1091 2620 herbis

184 2637 360 2712 spargeret,
380 2643 432 2696 aut
452 2636 540 2696 viridi
560 2637 650 2698 fontis
669 2637 821 2698 induceret
841 2635 971 2700 umbrat
1062 2635 1091 2682 2⁰

184 2714 244 2774 Vel
262 2731 336 2792 qnae
355 2714 470 2790 sublegi
491 2715 600 2787 tacitus
620 2715 675 2775 tibi
694 2717 824 2776 carmina
843 2735 947 2794 nuper,

184 2793 280 2864 Quum
300 2799 332 2853 te
350 2793 388 2853 ad
408 2791 528 2854 delicias
545 2794 653 2869 ferres,
674 2794 872 2872 Amaryllida,
891 2802 1028 2856 nostras:

185 2870 336 2948 «Tityre,
348 2873 418 2931 dum
439 2874 538 2946 redeo,
559 2873 660 2933 brevis
679 2880 726 2933 est
746 2874 807 2946 via,
827 2890 912 2951 pasce
926 2875 1074 2951 capellas:

185 2951 225 3012 itt
244 2957 347 3026 potum
368 2958 464 3025 pastas
484 2969 550 3026 age,
574 2953 692 3028 Tityre,
715 2959 746 3012 et
767 2950 846 3012 inter
865 2955 1009 3027 agendum

184 3030 346 3088 Occursare
364 3045 464 3104 capro,
485 3046 576 3090 cornu
595 3030 666 3090 ierit
687 3031 749 3105 ille,
771 3031 897 3091 cavetoi
911 3054 928 3088 e
1060 3030 1087 3074 ²³

149 3108 191 3165 Μ.
207 3107 300 3166 immo
313 3107 397 3180 haee,
411 3125 485 3184 quae
497 3108 577 3168 Varo
590 3126 643 3167 nec
655 3110 724 3168 dum
737 3109 869 3187 perfecta
881 3113 1002 3170 canebat
1016 3132 1024 3170 z

186 3207 204 3243 c
223 3186 315 3260 Vane,
337 3192 419 3254 tuum
440 3204 545 3246 nomen
559 3186 690 3280 (superet
709 3190 795 3248 modo
816 3188 936 3249 Mantua
955 3189 1049 3263 nobis,

184 3264 304 3325 Mantua
324 3282 380 3325 vae
399 3264 524 3325 miserae
543 3266 665 3325 ntmium
687 3265 781 3325 vicina
801 3268 961 3326 Cremonae
974 3266 997 3348 l)

183 3343 341 3403 Cantantes
361 3344 485 3405 sublime
505 3345 601 3405 ferent
621 3346 657 3404 ad
678 3343 776 3406 sidera
801 3345 931 3421 cycni.»

150 3420 183 3483 L.
207 3420 255 3481 Sic
275 3428 327 3482 tua
346 3423 496 3503 cyrnaeas
516 3422 629 3502 fugiant
650 3423 782 3484 examina
802 3429 909 3486 tanos:
1063 3419 1093 3470 ³0
