2514 4178
150 302 153 310 .
222 255 259 320 38
514 292 518 299 ’
576 273 606 321 a.
628 274 751 320 vmornn
770 274 806 320 u.

259 366 337 426 Ante
358 361 413 425 tibi
433 363 511 426 ane
530 363 634 426 Attlan
635 364 697 425 ides
716 366 940 440 abscondantur,

260 443 422 537 Gnosiaque
442 443 573 505 ardentis
593 444 713 505 decedat
734 444 823 504 stella
842 445 985 519 Coronae,

259 521 366 584 Debita
385 540 472 602 quam
491 522 581 584 sulcis
600 522 770 586 committas
789 523 911 597 semina,
933 540 1079 601 quamque

260 601 339 662 invit
327 610 374 663 tae
395 619 534 679 properes
554 601 619 663 anni
640 619 722 678 spem
741 603 863 662 credere
884 609 995 662 terrae

261 680 351 741 Multi
371 689 440 742 ante
459 675 594 742 occasum
614 681 710 740 Maiae
729 698 874 773 coepere;
896 683 947 741 sed
967 682 1036 742 illos
1128 678 1175 726 222

260 761 425 838 Expectata
445 777 531 837 seges
551 759 635 821 vanis
654 759 744 820 elusit
731 761 876 821 tacistis.

261 839 293 897 Si
315 856 386 898 vero
406 838 568 917 viciamque
588 857 669 900 seres
689 839 836 916 vilemque
856 839 993 916 faselum,

260 918 323 976 Nec
344 917 513 979 Pelusiacae
532 937 632 978 curam
652 920 864 994 adspernabere
885 919 986 992 lentis,

260 997 345 1057 Haud
365 997 487 1058 obscura
507 999 612 1058 cadens
632 996 767 1057 mittctt
721 998 809 1056 ttibi
830 998 914 1074 signa
935 1001 1065 1059 Bootes:

261 1075 369 1152 Incipe,
390 1083 421 1136 et
442 1078 477 1136 ad
495 1074 608 1136 medias
628 1083 788 1136 sementem
807 1080 934 1137 extende
954 1078 1085 1156 pruinas.
1133 1076 1176 1118 ⁴²3⁰

223 1156 333 1218 ldeirec
352 1155 446 1216 certis
465 1155 628 1216 dimensum
648 1155 781 1233 partibus
801 1157 902 1215 orbem

262 1237 323 1298 Per
343 1235 472 1296 duodena
490 1234 572 1311 regit
593 1234 691 1294 mundi
711 1234 756 1295 sol
776 1253 882 1295 aureus
902 1243 995 1296 astra

263 1315 394 1392 Quinque
416 1321 516 1374 tenent
536 1314 650 1374 coelum
669 1331 779 1373 nonae:
801 1332 924 1391 quarum
944 1333 1000 1388 una
1020 1330 1142 1374 corusco

238 1433 240 1467 :
261 1397 393 1485 Semper
404 1394 465 1453 sole
486 1393 593 1453 rubens
610 1399 641 1452 et
662 1393 777 1452 torrida
797 1410 912 1468 semper
932 1392 998 1453 ab
990 1393 1074 1469 rgni5

261 1477 354 1546 Quam
367 1471 479 1532 circum
492 1480 644 1532 extremae
658 1472 729 1530 dext
717 1479 765 1529 tra
785 1473 925 1549 laetaque
947 1437 1176 1544 trahunt'ur,2³⁵
1211 1474 1215 1480 “

262 1553 402 1613 Caerulea
423 1552 516 1627 glacie
537 1557 689 1612 concretae
710 1557 741 1609 a
744 1569 798 1627 que
819 1551 961 1609 imbribus
981 1551 1080 1611 atris:

262 1631 386 1693 Hast
342 1637 386 1690 rnt
388 1648 421 1689 er
442 1631 623 1706 mediamque
644 1631 717 1688 duae
737 1630 913 1690 mortalibus
932 1630 1032 1706 aegris

166 1712 167 1717 ’
261 1712 384 1771 Munere
406 1727 555 1768 concessae
569 1709 707 1784 ,Divrim3
730 1708 778 1767 via
799 1716 879 1770 secta
899 1727 952 1786 pan
972 1710 1083 1782 ambas,

262 1791 404 1865 Obliquus
424 1807 478 1865 qua
500 1806 531 1848 se
551 1787 703 1862 signorum
725 1794 858 1847 verteret
879 1791 963 1847 ordo.

262 1871 399 1934 Mundus,
421 1874 454 1926 ut
473 1869 511 1927 ad
524 1866 678 1943 Scythiam
697 1866 900 1944 Rhipaeasque
913 1868 1021 1927 arduus
1037 1885 1122 1927 arcos
1135 1865 1176 1906 ²¹⁰

262 1946 433 2020 Consurgit,
455 1945 601 2023 premitur
622 1945 733 2021 Libyae
754 1947 884 2005 devexus
904 1945 933 2003 in
954 1953 1082 2006 austros.

262 2026 318 2086 Hic
338 2030 406 2084 vert
408 2041 445 2083 ex
465 2025 546 2083 nobis
566 2042 681 2100 semper
702 2024 909 2100 sublimis3t
878 2032 909 2085 at
930 2024 1014 2083 illum

262 2105 323 2165 Sub
344 2102 463 2180 pedibus
483 2104 563 2178 styx
583 2110 649 2164 atra
669 2101 752 2163 videt
768 2105 930 2180 Manesque
951 2103 1099 2179 profundi

239 2221 240 2224 =
262 2185 418 2244 Maxumus
438 2182 486 2241 bic
506 2183 586 2241 flexu
606 2182 721 2241 sinuoso
741 2182 830 2242 elabit
818 2191 868 2242 tur
888 2202 942 2257 an
926 2182 991 2241 cuis

262 2263 392 2333 Circum,
414 2278 523 2352 perque
544 2260 643 2320 duas
634 2279 664 2319 ιιι
684 2279 796 2321 morem
817 2262 945 2320 fiurrrirris
966 2256 1175 2336 Arctos,²1⁵

262 2345 372 2402 Arctos
392 2339 498 2401 Oceani
518 2346 649 2400 metuent
637 2347 683 2400 tes
703 2358 828 2417 aequore
853 2340 941 2414 tingi.

262 2421 340 2494 Illic,
362 2427 396 2480 ut
416 2420 583 2496 perhibent,
606 2427 657 2479 aut
677 2419 853 2495 intempesta
822 2419 942 2479 tsilct
964 2437 1033 2494 nox,

262 2503 385 2576 Semper
406 2507 436 2559 et
457 2500 577 2560 obtecta
598 2499 757 2558 densantur
777 2507 861 2557 nocte
883 2499 1032 2571 tenebrae,

262 2584 324 2641 Aut
343 2578 422 2640 redit
442 2597 460 2637 a
479 2577 562 2636 nobis
581 2580 698 2638 Aurora
718 2578 850 2655 diemque
872 2578 997 2647 reducit

263 2661 381 2736 Nosque
401 2656 449 2716 ubi
471 2657 582 2733 primus
602 2656 683 2732 equis
703 2657 800 2715 oriens
823 2656 934 2716 afflavit
955 2655 1079 2732 anlreliS,
1134 2652 1175 2696 222

263 2739 329 2799 Illic
349 2756 416 2798 scra
436 2736 543 2795 rubens
563 2735 695 2794 accendit
718 2735 827 2794 lumina
848 2735 973 2811 Vesper.

263 2817 338 2878 Hinc
359 2821 518 2892 tempestat
519 2831 551 2874 es
572 2814 657 2873 dubio
677 2814 860 2891 praediscere
880 2815 962 2873 coelo

264 2897 434 2967 Possumus,
455 2893 523 2953 hinc
542 2893 702 2970 messisque
723 2892 800 2953 diem
822 2901 993 2970 tempusque
1013 2894 1142 2969 serendi,

263 2976 304 3035 Et
325 2974 437 3065 quando
456 2971 578 3032 infidum
597 2972 689 3032 remis
711 2971 864 3050 impellere
885 2990 1016 3032 marmor

262 3050 434 3125 Conveniat,
456 3052 567 3127 quando
586 3057 717 3112 armatas
736 3052 880 3112 deducere
900 3051 1018 3128 classes,
1134 3049 1175 3094 2³⁵

263 3135 325 3192 Aut
345 3129 553 3221 tempestivam
572 3129 657 3190 silvis
677 3136 853 3190 averterer
836 3130 946 3207 pinum.

227 3211 286 3273 Nec
304 3211 419 3270 frustra
438 3208 590 3285 signorum
613 3207 710 3270 obitus
729 3209 914 3285 speculamur
934 3215 965 3269 et
986 3216 1082 3286 ortus,

262 3284 511 3364 Temporibusque
532 3304 632 3379 parem
652 3286 779 3349 diversis
799 3295 924 3365 quatuor
944 3307 1062 3350 annum.

263 3366 404 3442 Frigidus
423 3365 583 3443 agricolam
603 3364 629 3425 si
650 3368 762 3442 quando
782 3366 912 3428 continet
932 3365 1039 3439 imber,

263 3444 372 3524 Multa,
394 3443 490 3507 forent
511 3461 583 3526 quae
603 3461 672 3507 mcx
692 3445 774 3507 coele
793 3448 975 3526 properanda
994 3465 1108 3520 sereno,
1133 3444 1175 3492 222

162 3572 239 3621 [Ἓξ-ἴ
246 3576 279 3615 aa
285 3570 501 3618 ’ΝΜ
512 3573 531 3616 ‚q
