2514 4178
427 203 601 286 'staunton
624 224 775 287 nonum.
1040 207 1089 287 25

181 313 278 395 Incipe
298 314 457 378 Maenalios
476 335 603 391 mecum,
624 336 689 378 moa
708 319 794 394 tibia,
814 335 930 381 versus.

181 399 208 458 0
227 397 315 474 digno
334 395 485 458 coniuncta
506 397 598 458 viro!
627 399 697 459 dum
716 396 841 476 despicis
860 412 982 472 omues„

182 477 317 554 Dumque
335 474 393 536 tibi
412 481 459 536 est
478 474 545 537 odio
564 493 630 538 mea
643 475 758 547 fistula,
771 479 898 556 dumque
910 475 1051 555 capellae,

183 555 395 632 Hirsutnmque
415 553 620 634 supercilium,
641 555 842 637 promissaque
861 557 973 634 barba3

182 634 246 696 Nec
266 651 372 694 curare
391 634 486 694 Deum
504 633 600 697 credis
619 634 759 697 mortalia
779 635 973 715 quemquami
1067 631 1092 676 ³⁵

183 712 281 792 Incipe
301 712 461 774 Maenalios
481 730 609 789 mecum,
630 732 696 776 mea
716 715 801 790 tibia,
823 733 939 778 versus.

184 793 325 870 Saepibus
345 791 375 853 in
394 792 506 855 nostris
526 811 651 872 parvam
672 801 704 855 te
723 792 838 855 roseida
858 795 934 856 mala
1072 840 1074 845 >

184 873 265 952 (Dux
284 889 342 949 ego
361 877 464 932 nester
484 871 580 951 eram)
602 872 663 934 vidi
682 891 750 934 cnm
770 880 868 935 matre
887 874 1059 951 legentem:

183 952 272 1012 Alter
293 953 329 1011 ab
349 951 500 1012 undecimo
520 959 585 1012 tum
605 970 653 1012 me
672 951 730 1013 iam
751 960 871 1031 ceperat
891 971 1004 1016 mnus:

185 1032 247 1091 lam
266 1029 390 1107 fragiles
410 1038 544 1108 poteram
564 1048 582 1091 a
602 1039 685 1092 terra
704 1030 877 1109 contingere
896 1049 1006 1098 ramos.
1065 1029 1094 1074 ⁴⁰

186 1112 230 1172 Vt
250 1109 324 1184 vidi,
346 1117 380 1170 ut
421 1107 489 1183 erii,
511 1116 545 1171 ut
565 1127 613 1169 me
632 1112 728 1172 malus
748 1112 873 1173 abstulit
892 1111 1000 1174 errori

185 1189 283 1269 Incipe
303 1129 465 1250 Moenaitos
484 1206 611 1265 mecum,
632 1207 699 1251 mea
719 1189 805 1266 tibia,
826 1209 944 1252 versus.

186 1268 270 1330 Nunc
289 1267 360 1342 seio,
383 1267 452 1346 quid
472 1267 513 1328 sit
533 1285 637 1329 amor:
659 1267 741 1330 duris
761 1269 791 1330 in
810 1270 926 1332 cotibus
945 1269 1031 1332 illum

185 1350 248 1410 Aut
260 1350 398 1432 Tmaros,
412 1354 464 1407 aut
478 1347 632 1425 Rhodope,
646 1355 698 1410 aut
713 1349 844 1410 extremi
858 1352 1064 1418 Garamantes,

186 1428 251 1488 Nec
269 1427 387 1505 generis
406 1426 502 1489 nostri
521 1445 645 1504 puerum
663 1445 717 1488 neo
736 1427 897 1507 sanguinis,
912 1430 1013 1490 edunt.
1067 1424 1095 1470 ⁴⁵

188 1504 285 1586 Incipe
304 1505 466 1568 Maenalios
486 1524 613 1583 mecum,
634 1525 700 1569 mea
720 1506 803 1583 tibia,
819 1525 935 1570 versus.

188 1586 299 1648 Saevus
318 1603 401 1647 amor
420 1583 519 1647 docuit
539 1594 697 1663 gnatorum
715 1586 857 1665 sanguine
878 1588 1006 1649 matrem

187 1665 397 1728 Conmaoulare
416 1681 541 1726 manus:
562 1666 692 1727 crudelis
712 1673 747 1728 tu
767 1685 892 1805 quoppe,
913 1674 1021 1727 mater.
1122 1707 1125 1711 -

186 1745 323 1810 Crudelis
342 1752 440 1806 mater
459 1743 566 1822 magis,
586 1763 624 1805 an
643 1764 717 1823 puer
736 1745 832 1826 impro
852 1763 886 1808 us
899 1744 976 1807 illei

187 1826 340 1904 improbus
358 1823 412 1885 ille
432 1841 526 1903 puer:
548 1825 676 1886 crudelis
698 1832 732 1886 tu
753 1844 877 1905 quoque,
899 1832 1009 1886 mater.
1068 1821 1096 1866 ω

186 1906 284 1982 incipe
303 1903 465 1966 Maenalios
485 1921 612 1977 mecum,
634 1923 699 1965 mea
718 1906 803 1979 tibia,
825 1923 941 1966 versus.

186 1985 272 2048 Nunc
291 1990 323 2045 et
343 2000 414 2046 oves
434 1981 516 2060 rdtro
534 1983 629 2060 fugiat
650 1984 757 2061 lupus:
779 2002 867 2046 aurea
888 1986 979 2045 durae

188 2065 269 2125 Mala
289 2065 386 2125 terant
407 2079 553 2140 quercus:
576 2063 704 2123 narcisso
724 2064 830 2143 floreat
850 2064 955 2125 alnus:

188 2143 312 2220 Pinguia
332 2141 493 2204 corticibus
512 2141 617 2203 sudent
638 2142 748 2203 electra
768 2142 923 2221 myricae:

187 2225 310 2284 Certent
331 2230 361 2283 et
383 2220 484 2299 cycnis
504 2220 623 2281 ululae=
645 2220 685 2282 sit
705 2221 831 2300 Tityrus
852 2222 1004 2302 Orpheus,
1021 2259 1038 2292 r·
1069 2217 1097 2260 ⁵⁵

188 2305 322 2378 Orpheus
343 2301 373 2361 in
393 2300 490 2374 silvis,
511 2299 592 2361 inter
611 2300 772 2377 Delphines
791 2300 897 2360 Arion.

190 2381 287 2458 incipe
306 2379 467 2441 Maenalios
487 2397 612 2453 mecum,
634 2397 700 2441 mea
719 2379 803 2453 tibia,
826 2395 943 2440 versus.
994 2450 996 2454 Ι
1037 2425 1040 2458 3

188 2460 289 2520 Omnia
312 2459 360 2520 vel
381 2458 509 2521 medium
530 2458 602 2518 fiant
623 2477 716 2520 mare.
738 2459 853 2534 Viuite,
875 2459 991 2531 silvae:

189 2542 336 2617 Praeceps
353 2538 434 2599 aerei
454 2538 572 2615 specula
592 2538 628 2598 de
649 2536 757 2598 montis
775 2537 806 2598 in
827 2540 922 2609 undas·
1010 2585 1013 2592 .
1033 2605 1037 2609 ,

187 2619 331 2679 Deferar:
354 2624 523 2679 extremum
542 2619 598 2677 hoo
617 2634 722 2677 munus
742 2617 896 2678 morientis
915 2615 1034 2681 habeto.
1069 2613 1097 2659 ω

186 2698 292 2758 Desine
313 2696 486 2772 Moenalios,
508 2695 566 2756 iam
586 2696 698 2773 desine,
719 2695 803 2769 tibia,
819 2712 935 2757 versus.
961 2764 964 2770 g
987 2697 1006 2758 j

186 2779 267 2838 Haec
286 2778 419 2837 Damon:
441 2794 506 2851 uos,
529 2774 603 2852 q'uae
623 2775 808 2854 responderit
829 2765 1054 2855 Alphesiboeus,

186 2857 293 2931 Dicite,
318 2855 472 2916 Pierides:
493 2875 553 2914 non
573 2857 674 2914 omnia
689 2858 851 2932 possumus
863 2860 974 2919 omnes.

148 2937 188 2997 A.
213 2938 292 2995 Effer
313 2954 429 3012 aquam,
450 2942 482 2992 et
502 2933 584 2992 molli
606 2935 690 3010 cinge
711 2935 789 2994 haec>
802 2934 909 2995 altaria
924 2935 1015 3009 vitta,

190 3015 394 3090 verbenasque
414 3013 496 3073 adole
520 3014 635 3090 pinguis
655 3021 686 3073 et
708 3016 834 3074 mascula
856 3022 941 3080 tura:
1069 3009 1097 3054 ⁶⁵

186 3094 325 3170 Coniugis
346 3099 377 3152 ut
401 3092 521 3168 magicis
540 3111 625 3153 sanos
646 3100 786 3153 avertere
806 3092 898 3153 soris

187 3174 334 3251 Experiar
356 3189 480 3232 sensns:
502 3171 578 3231 nihil
599 3171 646 3230 hic
670 3172 726 3230 nisi
745 3171 877 3232 carmina
897 3173 1015 3232 desunt.

188 3250 293 3312 Ducite
303 3253 338 3311 ab
354 3252 425 3310 urbe
440 3252 571 3322 domum,
588 3269 650 3309 mea
665 3250 806 3322 carmina,
822 3250 920 3311 ducite
935 3249 1080 3330 Daphnin.

187 3330 322 3394 Carmina
342 3331 389 3389 vel
411 3330 491 3388 coelo
514 3336 632 3406 possunt
654 3331 798 3390 deducere
819 3330 953 3391 Lunam:

187 3408 370 3472 Carminibus
390 3409 475 3470 Circe
496 3408 590 3470 socios
610 3415 740 3470 mutavit
762 3407 847 3471 Vlixi
860 3415 886 3471 ι’
1072 3404 1100 3453 70
