2514 4178
461 257 624 308 oroaorcoh
644 258 732 308 amna
751 258 783 307 11.
1069 241 1102 303 tt

192 348 338 414 Exuerint
358 353 530 415 silvestrem
551 353 692 422 animum,
701 355 840 430 cultuque
855 349 1012 430 frequenti,

192 434 226 491 In
246 450 439 511 quascumque
459 450 547 492 voces
566 432 642 493 artis
661 433 738 493 hand
758 433 845 492 tarda
865 438 1036 510 sequentur.

191 511 254 571 Nec
274 531 329 571 non
350 520 381 572 et
402 511 526 586 sterilis,
550 529 624 588 quae
644 510 786 588 stirpibus
806 510 870 570 exit
890 512 927 571 ab
947 510 1026 585 imis,

191 591 254 651 Hoc
274 590 373 664 faciet,
397 608 504 651 vacuos
524 590 550 650 si
571 591 611 650 sit
631 590 748 666 digesta
768 607 821 667 per
841 606 951 664 agrosa

189 670 276 730 Nunc
296 671 374 730 altae
393 669 510 730 frondes
530 677 562 730 et
582 669 658 730 rami
678 668 783 730 matris
804 675 938 744 opacant,
1078 665 1104 713 ⁶⁵

189 748 399 826 crescentique
419 746 551 809 adimunt
571 749 662 822 setus,
683 754 830 824 uruntque
851 747 1005 809 ferentem.

191 828 264 900 Iam,
286 847 359 906 quae
380 827 537 888 seminibus
556 827 642 888 iactis
662 843 694 888 se
712 827 833 888 sustulit
854 827 953 900 arbos,

189 908 288 967 Tarda
309 907 400 980 venit,
423 907 499 967 seris
519 907 633 967 factura
653 907 807 984 nepotibus
827 908 974 974 umbram,

188 987 338 1064 Pomaque
358 987 549 1062 degenerant,
572 1004 672 1047 succos
692 986 785 1046 oblita
804 986 941 1062 priores:

191 1067 232 1126 Et
255 1075 357 1143 turpes
377 1066 481 1125 avibus
500 1068 638 1142 praedam
658 1066 718 1125 sert
738 1083 797 1124 uva
817 1081 959 1125 racemos.
1076 1063 1102 1108 ⁶⁰

153 1144 270 1205 Scilicet
291 1144 424 1205 omnibns
445 1152 491 1204 est
512 1145 595 1205 labor
614 1143 837 1221 impendendus,
854 1151 884 1203 et
905 1160 1004 1204 omnes

189 1226 342 1300 Cogendae
364 1224 392 1283 in
412 1225 537 1297 sulcum,
558 1242 592 1282 ao
612 1224 707 1284 multa
727 1225 862 1284 mercede
882 1225 1050 1284 domandae.

189 1305 248 1365 Sed
268 1303 382 1363 truncis
401 1304 483 1362 oleae
503 1303 620 1376 melius,
642 1301 801 1380 propagine
821 1302 900 1363 vites
1016 1354 1019 1360 .

190 1384 391 1461 Respondent,
412 1382 506 1444 solido
528 1382 657 1458 Paphiae
677 1383 712 1442 de
733 1383 839 1442 robore
859 1387 999 1458 myrtus:
1063 1392 1065 1398 '

189 1461 306 1523 Plantis
327 1469 357 1522 et
379 1465 469 1522 durae
489 1462 585 1538 coryli
610 1468 779 1533 nascuntur,
802 1467 832 1521 et
853 1461 956 1536 ingens
981 1493 986 1505 =
1073 1457 1101 1502 ⁶5

189 1539 348 1614 Fraxinus,
371 1541 589 1618 Herculeaeque
608 1542 695 1600 arbos
715 1543 850 1600 umbrosa
870 1557 1003 1613 coronae,

189 1620 367 1697 Chaoniique
386 1621 481 1697 patris
502 1621 643 1696 glandes:
666 1617 756 1679 etiam
776 1621 866 1679 ardua
887 1619 983 1696 palma

189 1699 341 1774 Nascitur,
363 1706 395 1760 et
416 1716 498 1759 casus
518 1699 597 1760 abies
618 1698 718 1758 visura
738 1699 877 1759 marinos.

189 1779 334 1840 Inseritur
355 1797 427 1838 vero
448 1797 486 1838 ex
506 1778 569 1839 fetu
588 1777 669 1838 nucis
689 1779 812 1838 arbutus
832 1777 965 1855 horrida,
1074 1776 1101 1821 ⁷⁰

189 1861 230 1920 Et
250 1857 369 1920 steriles
390 1856 500 1935 platani
520 1857 613 1918 malos
632 1875 752 1934 gessere
771 1857 919 1918 valentis:

190 1940 349 1999 Castaneas
369 1938 464 2013 fagus,
488 1947 633 2014 ornusque
653 1936 780 1996 incanuit
800 1937 868 1996 albo

191 2017 281 2077 Flore
301 2015 360 2095 piri
380 2018 573 2094 glandemque
593 2033 659 2076 sues
681 2015 798 2092 fregero
818 2018 872 2076 snb
891 2016 990 2076 ulmis.

154 2096 214 2156 Nec
234 2097 337 2157 modus
356 2095 486 2156 inserere
506 2103 594 2173 atque
614 2095 713 2156 oculos
733 2095 881 2173 imponere
902 2095 1039 2172 simplex.

189 2177 278 2251 Nam,
300 2195 356 2254 qua
376 2194 408 2236 se
428 2174 524 2236 medio
544 2177 667 2235 trudunt
689 2175 724 2234 de
743 2175 854 2236 cortica
874 2192 1018 2251 gemmae,
1067 2227 1070 2231 .

188 2257 231 2316 Et
251 2263 353 2316 tenues
374 2261 513 2332 rumpunt
534 2253 658 2329 tunicas,
679 2262 821 2331 angustus
841 2255 871 2313 in
891 2255 955 2331 ipso

188 2334 241 2394 Fit
261 2336 336 2395 nodo
355 2333 456 2395 sinus:
478 2335 536 2393 huc
555 2333 650 2394 aliena
669 2352 708 2393 ex
727 2335 833 2392 arbore
853 2350 976 2408 germen

189 2414 356 2487 includunt,
378 2415 491 2490 udoque
512 2415 615 2473 docent
636 2412 796 2472 inolescere
817 2413 904 2472 libro.

188 2496 250 2554 Aut
271 2510 390 2553 rursum
409 2493 515 2553 enodes
535 2491 632 2553 trunci
653 2498 835 2564 resecantur,
856 2500 888 2554 et
908 2493 970 2552 alte

189 2572 329 2633 Finditur
349 2571 379 2630 in
399 2570 642 2631 solidum—cuneis
663 2570 730 2648 vla3
753 2569 856 2631 deinde
875 2571 986 2631 feraces

189 2652 314 2711 Plantae
334 2649 535 2710 immittuntur:
552 2668 604 2709 neo
624 2651 744 2726 longum
759 2658 884 2728 tempuS,
906 2658 937 2710 et
949 2649 1053 2727 ingens
1072 2649 1098 2693 ⁸⁰

189 2731 273 2790 Exiit
292 2731 329 2788 ad
349 2731 463 2789 coelum
483 2728 573 2789 ramis
593 2729 724 2790 felicibus
744 2731 843 2798 arbos,

189 2809 376 2886 Miraturque
397 2826 487 2869 novas
506 2808 624 2868 frondes
643 2816 674 2869 ct
695 2827 750 2868 non
770 2827 823 2869 sua
843 2827 938 2885 poma.

189 2889 351 2949 Praeterea
370 2904 463 2965 genus
482 2887 558 2947 haud
578 2905 677 2960 unum,
700 2906 752 2947 nec
772 2887 897 2948 fortibus
917 2888 1016 2965 ulmis,

189 2967 252 3027 Nec
272 2967 366 3042 salici,
388 2967 519 3044 lotoque,
539 2985 631 3044 neque
650 2967 744 3027 Idaeis
764 2966 943 3045 cyparissis:

188 3046 253 3106 Nec
272 3046 394 3124 pingues
414 3064 500 3106 unam
520 3046 550 3106 in
570 3045 673 3106 faciem
693 3055 852 3109 nascuntur
872 3047 980 3125 olivae,
1071 3045 1098 3092 ⁸⁵

188 3127 350 3200 Orchades,
372 3134 403 3187 et
422 3125 510 3200 radii,
531 3132 561 3185 et
581 3144 682 3185 amara
701 3127 801 3203 pausia
820 3128 918 3196 bacca,

190 3205 348 3284 Pomaque,
370 3211 402 3265 et
422 3204 537 3265 Alcinoi
557 3205 671 3267 silvae:
693 3224 746 3264 neo
765 3206 900 3266 surculus
920 3208 998 3268 idem

189 3283 367 3345 Crustumiis
387 3282 541 3363 Syriisque
561 3283 635 3362 piris
654 3284 850 3363 gravibusque
870 3287 1006 3348 volemis.

188 3363 256 3423 Non
275 3365 376 3423 eadem
396 3363 550 3425 arboribus
569 3364 675 3440 pendet
696 3363 842 3424 vindemia
862 3365 982 3442 nostris,

172 3465 180 3493 a
188 3445 282 3520 Quam
303 3443 512 3525 Methymnaeo
533 3442 627 3527 carpit
649 3445 684 3505 de
704 3442 826 3525 palmite
846 3444 966 3509 Lesbos.
1071 3442 1098 3493 ⁰⁰
