2514 4178
248 296 287 360 10
603 317 631 359 r.
654 315 776 359 vincturi
796 317 830 359 m.

244 402 413 465 Ocrudelis
432 401 532 476 Alexi,
554 402 628 463 nihil
648 419 712 462 mea
732 402 860 462 carmina
879 402 988 463 curasi

278 480 330 542 Nil
349 481 444 542 nostri
464 480 629 542 misererel
650 480 729 540 Mori
748 498 796 540 me
816 479 936 558 denique
955 497 1053 558 coges,

278 560 362 619 Nunc
375 559 465 621 etiam
485 561 609 639 pecudes
628 559 747 620 umbras
768 566 799 619 et
811 558 923 634 frigora
943 568 1085 635 captant3

277 638 362 698 Nunc
381 638 491 698 virides
510 637 601 698 etiam
620 638 768 699 occultant
788 636 902 715 spineta
920 638 1069 714 lacertus3

276 717 431 793 Thestylis
450 724 481 776 et
500 716 604 792 rapido
624 715 707 776 fessis
727 715 904 776 messoribus
923 722 1007 777 aestu
1159 740 1185 784 to

276 794 355 856 Allia
373 796 594 872 serpyllumque
613 796 718 855 herbas
739 794 890 854 contundit
909 794 1041 858 olentes:

274 877 316 932 At
340 891 452 932 mecum
473 878 579 946 raucis,
602 882 653 934 tua
672 874 741 932 dum
761 872 888 948 vestigia
906 873 1014 948 lustro,

275 951 343 1012 Sole
363 955 416 1012 sub
437 952 551 1012 ardenti
570 957 706 1012 resonant
727 952 848 1011 arbusta
867 951 985 1012 cicadis.

275 1029 376 1089 Nonne
396 1031 453 1090 suit
473 1031 577 1098 satius,
597 1031 701 1092 tristes
721 1029 917 1105 Amryllidis
936 1029 997 1092 iras

273 1109 372 1186 Atque
391 1110 515 1185 superba
535 1109 597 1185 pati
616 1107 758 1169 fastidiat
778 1126 869 1167 noune
890 1109 1064 1170 Menalcani
1157 1131 1184 1176 15

274 1186 413 1257 Quamvis
432 1188 485 1246 ille
505 1188 600 1262 niger,
623 1187 757 1265 quamvis
776 1193 811 1246 tu
830 1188 967 1248 candidus
985 1205 1076 1250 esses.

274 1267 299 1324 Ο
318 1265 445 1326 formose
464 1284 547 1342 puer,
569 1269 696 1326 nimium
714 1285 753 1326 ce
772 1267 859 1326 crede
877 1268 972 1326 colori
979 1288 995 1340 ,-

272 1344 348 1406 Alba
366 1345 495 1421 ligustra
512 1346 629 1418 cadunt,
652 1345 781 1404 vaccinia
800 1345 885 1422 nigra
904 1346 1055 1421 leguntur.

272 1423 432 1499 Despectus
452 1422 506 1483 tibi
520 1439 597 1496 sum,
618 1442 682 1497 nec,
705 1424 754 1501 qui
774 1423 842 1492 sim,
862 1423 989 1500 quaeris,
1011 1422 1120 1501 Alexi;

271 1503 362 1570 Quam
384 1501 466 1562 dives
485 1503 599 1579 pecoris
618 1502 707 1577 nivei,
730 1521 815 1580 quam
835 1503 920 1563 lactis
945 1504 1099 1565 abundans.
1154 1527 1182 1572 so

272 1581 357 1640 Mille
370 1598 452 1642 meae
472 1580 580 1641 Siculis
599 1590 701 1642 errant
721 1582 752 1641 in
772 1582 918 1641 montibus
937 1598 1050 1658 agna03

275 1660 329 1718 Lac
350 1661 422 1720 mihi
442 1678 498 1719 non
518 1667 631 1721 aestate
651 1679 769 1732 novum,
791 1678 847 1720 non
866 1659 978 1734 frigore
998 1661 1082 1721 defit.

271 1741 375 1811 Canto,
397 1757 469 1816 quae
489 1738 605 1813 solitus,
627 1738 784 1815 siquando
811 1745 944 1799 armenta
964 1740 1098 1815 vocabat,

270 1817 416 1893 Amphion
436 1817 575 1877 Dircaeus
595 1817 625 1876 in
644 1820 754 1877 Actaeo
775 1819 957 1893 Aracyntho.

270 1895 333 1954 Nec
352 1913 417 1955 sum
437 1897 508 1955 adeo
528 1895 677 1956 informis:
699 1913 791 1972 nuper
810 1915 858 1955 me
877 1895 907 1954 in
924 1896 1012 1956 litore
1025 1896 1097 1970 vidi,
1152 1922 1179 1965 25

271 1975 365 2044 Quum
379 1974 526 2050 placidum
547 1974 644 2036 ventis
657 1981 752 2035 staret
773 1993 875 2034 mare:
896 1993 952 2033 non
965 1993 1020 2049 ego
1033 1977 1176 2053 Daphnin,

270 2052 368 2111 Iudice
389 2061 430 2125 te,
453 2061 592 2125 metuam,
616 2052 643 2113 si
662 2072 807 2128 nunquam
828 2053 914 2113 fallat
934 2053 1042 2130 imago.

270 2132 430 2191 Otantum
450 2131 540 2191 libeat
561 2149 673 2191 mecum
694 2131 749 2191 tibi
768 2132 885 2192 sordida
906 2149 977 2191 rura

269 2213 366 2286 Atque
386 2210 510 2271 humiles
530 2211 664 2270 habitare
683 2226 776 2284 casas,
797 2218 828 2270 et
849 2211 942 2283 ligere
962 2227 1076 2284 cervos,

270 2289 492 2367 Haedorumque
512 2306 635 2364 gregem
655 2288 746 2348 viridi
765 2290 940 2365 compellere
959 2289 1089 2352 hibisco!
1150 2315 1177 2361 tt
1196 2328 1199 2334 ι

269 2367 385 2427 Mecum
406 2387 460 2428 una
479 2368 508 2427 in
528 2367 613 2428 silvis
633 2367 786 2428 imitabere
808 2369 887 2428 Pana
907 2370 1043 2428 cauendo.

269 2447 330 2506 Pan
351 2446 462 2523 primus
481 2447 607 2506 calamos
627 2464 694 2506 cera
713 2447 889 2522 coniungere
907 2447 1007 2523 plures

267 2524 418 2600 Instituit;
442 2527 504 2585 Pan
525 2533 609 2585 curat
629 2543 699 2585 oves
716 2526 870 2603 oviumque
890 2525 1058 2599 magistros.

267 2604 329 2664 Nec
349 2611 380 2664 te
400 2605 546 2680 poeniteat
567 2605 676 2664 calamo
690 2605 810 2664 trivisse
831 2604 987 2663 labellum:

266 2683 345 2742 Haec
364 2685 464 2742 eadem
485 2690 518 2742 ut
539 2683 640 2756 sciret,
663 2683 732 2759 quid
745 2701 802 2741 non
815 2682 936 2742 faciebat
950 2682 1116 2756 Amyntas?
1150 2708 1175 2750 35

267 2763 322 2821 list
343 2761 416 2820 mihi
436 2761 600 2837 disparibus
620 2768 733 2837 septem
752 2768 901 2837 compacta
921 2760 1024 2819 cicutis

266 2839 393 2912 Fistula,
416 2841 572 2901 Damoetas
592 2842 665 2898 dono
685 2839 758 2898 mihi
778 2858 863 2916 quam
882 2839 962 2898 dedit
983 2839 1065 2910 olim,

267 2919 307 2979 lit
328 2917 404 2978 dixit
424 2918 572 2977 moriens:
595 2920 637 2976 Te
657 2935 731 2976 nunc
751 2920 839 2978 habet
858 2917 916 2978 ista
936 2920 1104 2978 secundum.

266 2996 350 3056 Dixit
371 2997 546 3071 Damoetas3
568 2996 674 3057 invidit
695 2997 805 3056 stultus
825 2999 982 3072 Amyntas.

266 3076 428 3136 Praeterea
446 3076 502 3135 duo
522 3093 575 3134 nec
594 3082 660 3135 tuta
680 3075 754 3134 mihi
772 3076 852 3135 valle
864 3074 979 3152 reperti
1148 3100 1175 3142 40

265 3153 410 3232 Capreoli,
433 3153 542 3230 sparsis
562 3153 652 3214 etiam
671 3173 746 3213 nunc
766 3153 891 3230 pellibus
911 3154 988 3227 albo,

264 3233 337 3293 Bina
357 3233 404 3294 die
423 3232 532 3292 siccant
553 3233 617 3292 oris
638 3234 738 3304 ubera,
760 3249 831 3308 quos
851 3231 906 3290 tibi
926 3249 1023 3292 servo.

264 3312 325 3373 lam
345 3311 459 3388 pridem
478 3328 496 3368 a
516 3329 563 3369 me
582 3311 651 3369 illos
671 3313 813 3370 abducere
832 3311 985 3386 Thestylis
1005 3318 1093 3390 orat;

263 3392 303 3451 Iit
324 3391 422 3462 faciet,
445 3389 579 3466 quoniam
599 3391 718 3449 sordent
739 3388 793 3448 tihi
813 3406 933 3447 munera
953 3397 1065 3450 nostra.

262 3470 326 3530 Huc
346 3471 424 3544 adeS,
447 3488 464 3528 o
484 3467 610 3529 formose
630 3486 722 3546 puer:
745 3468 799 3527 tibi
820 3467 883 3528 lilia
902 3466 1007 3546 plenis,
1106 3511 1109 3515 -
1145 3490 1177 3538 45
