2514 4178
236 239 275 305 lc
595 254 622 305 r.
648 257 769 304 vanuum
790 255 825 304 at.

275 353 385 427 Sponte
406 364 457 412 sua
478 350 622 423 veniunt,
643 367 817 426 camposque
838 354 869 409 et
891 345 1009 406 flumina
1030 339 1092 406 iate

275 434 374 490 Curva
395 438 508 499 teuent,
529 437 563 490 ut
584 429 674 491 molle
694 429 777 501 siler,
800 429 954 503 lentaeque
975 434 1129 501 genestae,

275 509 418 586 Populus,
440 516 471 569 et
492 510 596 584 glauca
616 508 749 569 canentia
768 507 870 567 fronde
890 504 1006 565 salicta.

275 588 351 648 Pars
371 596 470 648 autem
491 587 587 664 posito
607 593 734 663 surgunt
756 589 791 646 de
813 584 933 659 somine,
955 590 989 644 ut
1010 581 1092 642 altae

274 669 446 742 Castaneae,
467 684 675 743 nemorumque
696 666 759 725 lovi
780 684 852 742 quae
873 681 1010 724 maxuma
1030 661 1149 723 frondet
1167 660 1191 705 ¹⁵

275 746 429 820 Aesculus,
451 753 539 824 atque
560 746 676 806 habitae
697 744 793 805 Graiis
814 743 931 804 oracula
951 758 1089 820 quereus.

276 825 409 884 Pullulat
431 828 466 885 ab
486 823 583 885 radice
603 824 671 885 aliis
691 823 862 884 densissima
881 823 971 894 silva,

276 903 320 962 Vt
339 904 449 964 cerasis
469 904 634 981 ulmisque;
656 903 747 964 etiam
768 903 909 963 Parnasia
929 902 1030 962 laurus

275 982 374 1043 Parva
395 984 449 1044 sub
468 983 581 1059 ingenti
603 983 709 1043 matris
728 1000 761 1042 se
781 982 898 1042 subiicit
919 983 1036 1045 umbra.

275 1061 337 1122 Hos
358 1070 461 1122 natura
486 1064 588 1123 modos
612 1061 740 1139 primum
760 1061 863 1137 dedit3
886 1060 932 1121 bis
952 1078 1044 1135 genus
1066 1076 1151 1119 omne
1164 1057 1189 1103 ²⁰

276 1141 426 1201 Silvarum
445 1141 643 1219 fruticumque
663 1140 742 1201 viret
763 1157 970 1217 nemorumque
991 1145 1156 1222 sacrorum.

236 1219 312 1280 Sunt
332 1220 395 1292 alii,
417 1237 488 1298 quos
509 1220 570 1297 ipse
591 1221 641 1279 via
661 1219 716 1280 sibi
739 1220 852 1296 reperit
873 1237 952 1280 usus.

276 1299 331 1358 Hic
352 1301 467 1376 plautas
487 1307 589 1359 tenero
608 1298 759 1360 abscidens
779 1301 958 1376 decerpere
978 1306 1111 1361 matrum

275 1379 417 1456 Deposuit
438 1378 549 1454 sulcis;
572 1377 620 1438 hic
640 1378 750 1454 stirpes
770 1377 868 1438 obruit
889 1396 974 1451 arvo,

276 1457 516 1534 Quadrifldasque
537 1459 633 1530 sudes,
655 1465 687 1517 et
708 1464 794 1517 acuto
814 1458 922 1517 robore
941 1458 1062 1534 vallos3
1162 1452 1189 1498 5

276 1537 484 1613 Silvarumque
503 1537 578 1606 aliae
598 1554 716 1614 pressos
736 1535 904 1613 propaginis
924 1555 1009 1597 arcus

277 1618 470 1693 Exspectant,
493 1625 524 1676 et
546 1616 616 1676 vira
635 1633 687 1675 sua
708 1616 852 1692 plantaria
874 1622 976 1691 terra3

276 1695 329 1756 Nil
351 1694 455 1756 radicis
476 1695 671 1772 agentebus,
694 1712 895 1771 summumque
916 1701 1036 1771 putator

276 1776 361 1835 Haud
383 1774 499 1836 dubitat
520 1782 620 1836 terrae
640 1773 772 1833 referens
792 1775 929 1834 mandare
949 1791 1110 1851 cacumen3

276 1853 352 1925 Quin
372 1861 404 1915 et
424 1853 588 1915 caudicibus
608 1853 696 1913 sectis
718 1851 864 1930 (mirabile
885 1851 1004 1932 dictul)
1163 1848 1187 1892 ³⁰

276 1933 421 1993 Truditur
441 1940 473 1994 et
494 1934 569 1994 sicco
590 1931 675 1993 radix
696 1931 828 2008 oleagina
849 1932 950 2008 lign03

278 2013 319 2071 Et
340 2029 425 2090 saepe
444 2011 569 2077 alterius
589 2028 689 2071 ramos
708 2010 825 2088 impune
845 2011 977 2072 ridemus

277 2091 406 2150 Vertere
427 2090 457 2151 in
477 2089 621 2152 alterius:
643 2096 844 2166 mutatamque
863 2089 952 2150 insita
972 2092 1049 2151 mala

277 2169 373 2229 Ferre
394 2169 501 2247 pirum,
524 2177 555 2230 et
575 2169 678 2246 prunis
698 2168 827 2246 lapidosa
847 2171 1002 2230 rubescere
1022 2187 1123 2229 corna.

238 2250 335 2322 Quare
355 2249 435 2325 agite
456 2269 485 2322 o,
506 2249 642 2327 proprios
662 2248 825 2324 generatim
847 2248 951 2309 discite
970 2249 1082 2322 cultae,
1162 2243 1187 2285 ³⁵

276 2329 447 2405 Agricolae,
468 2329 639 2405 fructusque
659 2328 737 2388 feros
757 2328 872 2387 mollite
891 2329 1035 2389 colendo:

277 2409 343 2469 Neu
363 2425 468 2485 segnes
488 2408 599 2469 iaceant
621 2414 732 2467 terrae.
757 2406 842 2468 luvet
863 2408 975 2468 Ismara
995 2407 1110 2467 Baccho

276 2491 449 2560 Conserera
472 2495 560 2565 atque
580 2486 643 2547 olea
663 2503 800 2562 magnum
820 2486 933 2546 vestire
953 2487 1136 2545 Taburnum.

277 2568 379 2645 Tuque
399 2570 478 2641 ades,
499 2567 702 2644 inceptumque
724 2585 778 2626 una
799 2567 923 2626 decurre
944 2565 1088 2637 laborem,

277 2649 302 2707 Ο
323 2650 421 2722 decus,
444 2646 575 2707 ofamae
595 2645 703 2704 merito
723 2662 790 2720 pars
811 2663 945 2705 maxuma
965 2652 1098 2714 nostrae,
1161 2639 1190 2682 ⁴⁰

277 2729 440 2800 Maecenas,
462 2726 623 2803 pelagoque
644 2724 745 2783 volans
766 2726 804 2784 da
822 2725 889 2784 vela
909 2724 1034 2801 patenti.

277 2805 343 2865 Non
363 2823 418 2882 ego
438 2812 543 2866 cuncta
562 2803 636 2864 meis
655 2803 792 2879 amplecti
813 2803 947 2864 versibus
966 2810 1049 2881 opto,

277 2884 355 2956 Non,
377 2883 450 2944 mihi
470 2883 494 2944 si
516 2883 633 2959 linguae
652 2889 770 2942 centum
791 2881 848 2942 sint
869 2899 977 2961 oraque
997 2889 1127 2957 centum,

277 2963 390 3024 Ferrea
410 2982 492 3024 vox:
513 2966 596 3032 ades,
616 2969 647 3023 et
668 2960 757 3039 primi
777 2962 845 3038 lege
866 2961 963 3022 litoris
983 2979 1087 3022 oram:

276 3043 310 3101 In
330 3042 461 3102 manibus
483 3049 603 3102 terrae:
625 3060 681 3101 non
701 3040 750 3101 hic
771 3047 801 3102 te
821 3039 950 3108 carmine
970 3040 1041 3100 ficto
1161 3037 1189 3079 ⁴⁵

278 3124 375 3199 Atque
396 3139 448 3198 per
469 3122 606 3196 ambages
626 3128 656 3180 et
677 3122 765 3195 longa
785 3137 891 3180 exorsa
911 3120 1027 3180 tenebo.

277 3202 387 3277 Sponte
408 3217 460 3260 sua
479 3217 552 3277 quae
572 3216 604 3258 se
624 3200 735 3260 tollunt
755 3198 785 3258 in
805 3197 924 3259 luminis
944 3214 1021 3272 orae,

277 3279 433 3339 Infecunda
453 3279 581 3357 quidem,
603 3280 654 3337 scd
674 3279 753 3338 laeta
772 3285 804 3339 et
824 3277 913 3338 fortia
934 3283 1082 3354 surgunta

279 3357 392 3436 Quippe
411 3359 474 3419 solo
494 3365 599 3418 natura
612 3359 724 3417 subest.
739 3359 849 3419 Tamen
862 3360 933 3418 baec
946 3374 1071 3437 quoque,
1085 3355 1111 3419 si
1125 3358 1189 3438 quis

277 3437 405 3512 luserat,
424 3445 475 3503 aut
495 3437 648 3502 scrobibus
668 3438 787 3502 mandet
807 3444 923 3502 munta
942 3436 1082 3519 subactis,
1163 3435 1191 3481 ⁸⁰
