2514 4178
116 211 159 274 70
474 230 505 274 r.
527 227 649 271 vmemu
669 226 704 268 n.

157 320 251 396 Saepe
272 316 437 379 volutabris
457 317 557 396 pulsos
578 314 768 377 silvestribus
787 332 876 392 apros

157 398 286 458 Latratu
307 398 439 459 turbabis
459 414 571 473 agens3
593 402 765 471 montesque
785 412 838 470 per
858 395 937 454 altos

158 476 312 552 Ingentem
332 478 462 538 clamore
482 493 600 553 premes
619 476 655 536 ad
676 473 755 533 retia
775 491 910 533 cervum.

118 548 205 615 Disce
225 563 256 617 ct
276 557 428 616 odoratam
448 555 573 616 stabulis
594 554 751 614 accendere
775 553 910 621 cedrum,

157 635 359 711 Galbaneoque
380 634 496 710 agitare
516 651 624 710 graves
645 631 746 692 nidore
771 632 944 708 chelydros.
1033 627 1071 675 41³

158 715 250 791 Saepe
270 716 324 773 sub
344 713 476 774 immotis
495 712 683 790 praesepibus
702 717 754 770 aut
774 711 852 771 mala
872 716 956 771 tactu

157 792 270 869 Vipera
291 793 423 865 delituit,
445 793 616 868 coelumque
635 789 784 850 exterrita
804 789 903 865 sugite

157 874 220 931 Aut
242 879 321 931 tecto
342 873 483 933 adsuetus
502 872 622 930 coluber
643 872 799 930 succedere
821 876 852 930 et
873 870 1008 943 umbrae,

158 949 259 1011 Pestis
278 952 383 1011 acerba
403 953 502 1027 boum,
524 948 678 1028 pecorique
699 949 876 1024 adspergere
896 947 996 1021 viruS,

157 1029 250 1090 Fovit
261 1032 393 1089 humum.
407 1031 485 1107 Cape
498 1049 569 1090 saxa
581 1047 679 1101 manu,
692 1045 762 1105 cape
772 1028 891 1101 robora,
904 1035 1019 1105 pastor,
1033 1023 1072 1068 (ω

159 1108 383 1185 Tollentemque
403 1108 496 1169 minas
516 1116 547 1168 et
568 1109 654 1167 sibila
673 1106 750 1166 colla
772 1113 935 1167 tumentem

159 1187 282 1247 Deiice:
304 1188 419 1266 iamque
440 1188 510 1264 iuga
530 1187 666 1247 timidum
686 1193 774 1263 caput
796 1185 907 1246 abdidit
921 1186 997 1257 alte,

160 1268 255 1336 Quum
276 1266 364 1327 medii
385 1285 489 1341 nexus,
511 1273 721 1342 extremaeque
741 1264 857 1341 agmina
876 1266 987 1326 caudae

161 1346 336 1419 Solvuntur,
358 1348 516 1423 tardosque
537 1346 632 1405 trabit
652 1345 734 1405 sinus
755 1344 877 1404 ultimus
898 1347 997 1404 orbes.

161 1425 217 1483 Est
238 1424 328 1483 etiam
348 1425 400 1484 ille
421 1426 516 1485 malus
536 1425 668 1485 Calabris
688 1423 719 1482 iu
739 1423 863 1483 saltibus
876 1423 992 1501 anguis,
1032 1418 1072 1468 ¹25

159 1505 304 1578 Squamea
323 1504 501 1564 convolvens
522 1505 638 1563 sublato
658 1509 778 1579 pectore
804 1509 914 1578 terga3

160 1586 259 1658 Atque
279 1583 357 1642 notis
378 1584 496 1659 longam
516 1583 679 1642 maculosus
700 1579 860 1658 grandibus
872 1581 995 1642 alvum:

161 1660 217 1729 Qui
238 1662 307 1720 dum
326 1679 426 1721 amnes
447 1662 502 1722 ulli
522 1669 699 1738 rumpuntur
720 1660 859 1733 fontibus
882 1668 912 1720 et
935 1663 1006 1720 dum

160 1739 242 1796 Vere
262 1742 381 1801 madent
403 1743 458 1800 udo
480 1749 579 1800 terrae
599 1759 632 1798 ac
654 1739 831 1817 pluvialibus
852 1739 976 1808 austris,

161 1818 274 1893 Stagna
287 1819 371 1891 coiit,
388 1820 516 1897 ripisque
530 1819 676 1891 habitans,
693 1818 741 1877 hic
755 1817 882 1895 piscibus
895 1826 994 1878 atram
1033 1814 1073 1859 ⁴³⁰

162 1895 316 1971 Improbus
336 1898 499 1973 ingluviem
520 1899 655 1975 ranisque
676 1898 844 1974 loquacibus
866 1898 981 1974 explet.

161 1974 322 2050 Postquam
343 1985 449 2037 exusta
469 1979 564 2054 palus,
586 1985 741 2053 terraeque
762 1979 868 2037 ardore
889 1976 1055 2052 dehiseunt,

161 2052 272 2112 Exsilit
294 2055 323 2112 in
344 2056 465 2128 siccum,
486 2064 518 2116 et
539 2057 718 2116 flammantia
739 2055 849 2116 lumina
869 2062 1012 2133 torquens

161 2132 264 2193 Saevit
285 2134 366 2209 agris
385 2153 529 2212 asperque
550 2135 601 2195 siti
622 2143 709 2212 atque
730 2134 897 2195 exterritus
917 2142 1014 2196 aestu.

161 2208 208 2270 Ne
229 2212 301 2271 mibi
322 2220 386 2273 tum
407 2215 511 2273 molles
532 2217 585 2274 sub
605 2215 673 2273 divo
694 2232 815 2291 carpere
833 2231 963 2282 somnos,
1036 2211 1073 2258 ¹³³

160 2287 227 2348 Neu
248 2294 334 2351 dorso
355 2294 482 2353 nemoris
503 2292 592 2352 libeat
613 2293 735 2352 iacuisse
763 2311 816 2369 per
836 2293 956 2366 herbas,

161 2368 256 2436 Quum
277 2371 380 2448 positis
401 2390 493 2432 novus
514 2372 630 2432 exuviis
651 2371 818 2449 nitidusque
837 2371 957 2431 iuventa

163 2446 316 2522 Volvitur,
340 2458 391 2510 aut
412 2452 527 2511 catulos
548 2452 636 2510 tortis
657 2457 707 2510 aut
728 2469 784 2510 ova
805 2451 985 2528 relinquens,

160 2524 280 2589 Arduus
300 2531 336 2589 ad
356 2531 450 2590 solem
470 2539 501 2591 et
522 2531 632 2605 linguis
652 2529 741 2589 micat
762 2547 814 2588 ore
837 2530 982 2590 trisulcis.

125 2601 293 2667 Morborum
314 2628 426 2686 quoquo
448 2618 478 2668 tc
499 2627 599 2668 causas
619 2616 650 2668 et
671 2609 754 2683 signu
775 2611 893 2669 docebo.
1035 2606 1073 2651 ¹4⁰

161 2684 270 2765 Turpis
291 2705 362 2746 oves
383 2695 480 2749 tentat
501 2688 623 2761 scabies,
647 2687 695 2746 ubi
715 2688 843 2762 frigidus
863 2688 958 2748 imber

159 2763 261 2826 Altius
281 2769 318 2826 ad
338 2766 440 2826 vivum
463 2767 603 2844 persedit,
619 2773 650 2826 et
671 2767 792 2826 horrida
807 2785 877 2827 cano

159 2840 271 2906 Bruma
291 2847 383 2921 gelu;
408 2847 457 2906 vel
478 2865 567 2924 quum
589 2845 681 2906 tonsis
702 2846 814 2906 inlotus
833 2846 967 2908 adhaesit

165 2927 272 2997 Sudor,
294 2932 326 2985 et
347 2926 456 2984 hirsuti
477 2933 632 2985 secuerunt
654 2942 778 3001 corpora
798 2943 915 3002 vepres.

160 3005 299 3063 Dulcibus
321 3004 430 3063 idcirco
452 3004 551 3063 fluviis
571 3022 658 3079 pecus
676 3021 761 3062 omne
774 3004 912 3078 magistri
1033 3001 1073 3046 ⁴4⁵

160 3082 356 3152 Perfundunt,
380 3083 500 3159 udisque
521 3083 598 3142 aries
619 3083 648 3141 in
669 3083 790 3158 gurgite
811 3083 893 3142 villis

160 3163 323 3231 Mersatur‚
345 3160 508 3237 missusque
529 3165 653 3220 secundo
674 3162 778 3221 defluit
799 3162 898 3224 amni:

159 3243 220 3299 Aut
242 3247 359 3298 tonsum
379 3239 462 3299 tristi
484 3239 657 3314 contingunt
678 3257 784 3318 corpus
804 3259 934 3316 amurca,

161 3321 202 3378 Et
223 3335 340 3394 spumas
360 3317 483 3378 miscent
505 3319 633 3394 argenti,
656 3319 781 3396 vivaque
803 3320 928 3395 sulfura,

161 3399 317 3474 Idaeasque
338 3397 428 3474 pices,
450 3405 481 3457 et
502 3397 624 3474 pingues
646 3398 771 3474 unguine
785 3417 880 3474 ceras,
1033 3396 1072 3441 ⁴5⁰
