2514 4178
232 220 271 286 tu
588 240 616 286 r.
641 242 762 286 vinoun
781 243 816 288 tt.
888 269 891 273 ,

270 328 430 410 Mutuaque
450 327 529 391 inter
549 347 581 391 se
602 328 673 391 laeti
692 330 827 392 convivia
847 337 962 394 curant.

270 409 382 470 Invitat
403 408 527 486 genialis
548 409 641 470 hicms
661 427 803 489 curasque
823 413 971 474 resolvit:

270 489 329 549 ueo
349 505 467 565 presstze
486 508 575 567 quum
595 489 653 549 iam
673 496 792 567 portum
814 492 942 568 tetigere
962 491 1089 568 carinae,

270 567 419 643 Puppibus
439 575 470 628 et
492 567 562 629 laeti
583 574 688 628 nautae
708 568 872 647 imposuere
892 588 1024 631 coronas
1102 607 1107 615 -

269 647 327 708 Sed
339 654 435 707 tamen
449 653 480 707 et
494 666 619 726 quernas
629 648 751 723 glandes
762 655 825 709 tum
840 649 990 726 stringere
1004 658 1131 729 tempure,
1146 650 1180 693 ³⁰³

270 727 311 786 Et
332 726 407 784 lauri
428 728 540 798 baccas,
562 728 723 805 oleamque,
746 728 923 807 cruentaque
943 737 1065 807 myrta:

270 806 345 865 Tum
367 805 488 880 gruibus
509 806 624 883 pedicas
644 814 675 866 ot
698 806 773 866 retia
794 826 902 885 ponere
922 808 1031 882 cervis,
1105 857 1109 864 ,

271 883 449 961 Auritosque
470 886 551 962 sequi
572 886 709 963 lepores;
732 892 795 946 tum
817 887 910 963 figere
931 888 1041 963 damas,

270 964 399 1040 Stuppca
421 971 607 1040 torquentem
627 964 760 1024 Balearis
781 969 905 1026 verbera
927 967 1043 1039 fundae,

271 1043 364 1112 Quum
380 1042 430 1102 nix
444 1044 505 1103 alta
517 1043 604 1115 iacet,
622 1044 746 1119 glaciem
758 1064 846 1121 quum
857 1046 976 1105 fiumina
991 1049 1128 1106 trudunt.
1145 1045 1180 1088 ³¹⁶

231 1121 305 1194 Quid
326 1128 518 1198 tempestates
538 1123 669 1182 autumni
689 1131 720 1182 et
741 1125 838 1185 sidera
858 1125 977 1185 dicaml

269 1205 378 1278 Atque,
401 1200 449 1260 ubi
469 1202 527 1261 iam
548 1203 723 1279 breviorque
744 1203 805 1263 dies
825 1211 856 1265 et
876 1204 995 1264 mollior
1016 1211 1127 1273 aestas,

270 1281 350 1351 Quae
371 1280 520 1356 vigilanda
540 1281 638 1341 virisl
660 1282 707 1341 vel
730 1301 819 1359 quum
839 1281 901 1343 ruit
917 1282 1101 1343 imbriferum
1117 1302 1181 1353 ver,

269 1358 372 1436 Spicea
392 1359 450 1420 iam
471 1359 581 1436 eampis
601 1378 688 1439 quum
711 1362 814 1422 messis
833 1361 995 1431 inhorruit,
1015 1369 1046 1422 et
1058 1380 1155 1440 quum

269 1439 432 1499 Frumeuta
451 1438 481 1498 in
503 1439 591 1499 viridi
611 1440 720 1517 stipula
741 1441 882 1501 lactentia
903 1442 1049 1517 turgenti
1143 1439 1178 1482 atr
1233 1510 1235 1513 Ι

269 1520 363 1595 Saepe
383 1535 450 1596 ego,
471 1538 560 1596 quum
581 1519 667 1579 flavis
687 1537 847 1580 messorem
866 1520 1018 1580 induceret
1038 1521 1122 1581 arvis

269 1598 422 1673 Agricola,
443 1605 473 1658 et
494 1597 595 1674 fragili
615 1598 672 1657 iam
694 1599 857 1676 stringeret
879 1600 987 1659 hordea
1008 1601 1116 1671 culmo,

271 1676 375 1737 Omnia
395 1685 550 1737 ventorum
571 1694 748 1737 concurrere
767 1678 879 1755 proelia
901 1678 973 1752 vidi,

270 1759 349 1829 Quae
370 1756 523 1832 gravidam
543 1756 605 1816 late
625 1763 756 1832 segetem
777 1759 813 1817 ab
833 1757 980 1817 radicibus
1000 1757 1068 1817 imis

270 1835 403 1898 Sublime
423 1837 573 1912 expulsam
595 1843 755 1912 eruerent;
778 1836 820 1897 ita
841 1836 959 1896 turbine
980 1836 1065 1912 nigro
1146 1833 1179 1876 ³²¹

271 1916 381 1976 Ferret
401 1915 495 1974 hiems
515 1915 700 1993 culmumque
720 1915 818 1974 levem
841 1915 1021 1992 stipulasque
1037 1916 1182 1974 volantes.

271 1997 364 2071 Saepe
384 1993 474 2053 etiam
494 1992 666 2054 immensum
687 1994 768 2054 coelo
790 1993 870 2054 veuit
892 2011 996 2070 agmen
1017 2012 1169 2071 aquarum,

272 2077 312 2134 Et
334 2073 445 2133 t'oedam
468 2073 634 2148 glomerant
655 2079 862 2150 tempestatem
883 2073 1027 2133 imbribus
1047 2071 1122 2133 atris

271 2153 426 2214 Conleotae
446 2170 484 2212 ex
504 2153 567 2211 alto
588 2153 697 2227 nubes;
720 2152 782 2212 ruit
802 2153 911 2212 arduus
930 2153 1047 2224 aether,

271 2234 312 2292 Et
332 2231 431 2308 pluvia
450 2230 563 2307 ingenti
583 2238 648 2292 sata
668 2232 747 2291 laeta
767 2232 910 2308 boumque
930 2231 1046 2290 labores
1143 2227 1182 2271 ³²³

271 2310 387 2386 Diluit3
410 2309 571 2388 implentur
591 2310 697 2382 fossae,
719 2317 750 2370 et
770 2328 843 2369 cava
863 2311 982 2369 flumina
1002 2316 1138 2370 crescunt

270 2392 344 2450 Cum
364 2389 472 2462 souitu,
494 2389 649 2467 fervetque
669 2388 755 2450 fretis
775 2388 956 2466 spirantibus
976 2406 1095 2465 aequor.
1214 2396 1217 2403 '

270 2471 336 2546 lpse
358 2470 449 2530 Pater
470 2469 565 2529 media
585 2469 748 2529 nimborum
769 2467 799 2528 iu
819 2475 905 2528 nocte
925 2485 1044 2528 corusca

270 2547 406 2610 Fulmina
427 2548 551 2609 molitur
572 2550 689 2621 dextra,
713 2567 769 2625 quo
789 2545 917 2607 maxima
938 2554 1020 2607 motu

270 2630 364 2688 'l'erra
387 2627 503 2701 tremit,
525 2627 629 2701 fugere
650 2627 740 2702 ferae,
763 2635 794 2688 et
815 2625 954 2687 mortalia
974 2627 1064 2686 corda
1145 2621 1184 2666 ³³⁰

271 2709 332 2768 Per
353 2714 458 2782 gentes
477 2706 598 2767 humilis
617 2706 728 2766 stravit
749 2723 863 2782 pavor:
887 2706 937 2765 isse
960 2703 1098 2780 flagranti

271 2790 332 2846 Aut
353 2787 445 2857 Atho,
468 2791 518 2845 aut
540 2786 712 2861 Rhodopen,
735 2791 786 2845 aut
807 2785 869 2845 alta
889 2783 1032 2844 Ceraunia
1052 2784 1116 2844 telo

270 2864 399 2939 Deiicit3
421 2863 601 2941 ingeminant
621 2863 716 2923 austri
737 2871 768 2923 et
789 2863 979 2924 densissimus
998 2860 1115 2936 imber3

271 2945 356 3004 Nunc
377 2961 496 3004 nemora
514 2942 628 3019 ingenti
648 2950 749 3017 vento,
770 2961 845 3002 nuno
867 2943 956 3003 litora
975 2943 1141 3021 plangunt·

270 3023 334 3082 Hoc
354 3028 498 3095 metuens,
518 3021 594 3081 coeli
614 3039 728 3083 menses
747 3028 779 3081 et
800 3021 896 3084 sidera
916 3038 1026 3098 serva3
1146 3017 1186 3063 ⁸³

272 3100 397 3177 Frigida
416 3099 537 3159 Saturni
557 3118 620 3161 sese
641 3120 697 3177 quo
717 3100 807 3161 stella
826 3107 971 3178 receptet,

272 3183 350 3253 Quos
370 3178 448 3256 ignis
468 3177 543 3237 coeli
563 3179 715 3256 Cyllenius
736 3187 819 3239 erret
839 3179 869 3239 in
889 3181 987 3240 orbes.

272 3261 304 3319 In
325 3257 431 3337 primis
451 3275 593 3318 venerare
613 3260 701 3332 Deos,
723 3265 810 3336 atque
830 3278 921 3319 annua
941 3276 1065 3334 maguae

239 3396 240 3400 ,
271 3341 361 3399 Sacra
381 3337 460 3397 refer
481 3337 594 3411 Cereri,
617 3336 704 3397 laetis
724 3346 863 3415 operatus
883 3339 911 3396 in
932 3338 1045 3406 herbis,

272 3419 433 3477 Extremae
454 3418 507 3477 suh
527 3434 626 3477 casum
647 3416 763 3491 hiemis,
786 3417 843 3476 iam
865 3435 937 3477 vere
957 3435 1071 3478 sereno.
