2514 4178
455 258 620 305 erosercou
640 258 727 306 nunus
747 261 791 307 ru.
1058 240 1099 305 65

184 347 256 412 Sive
275 351 375 425 bonna,
397 348 462 412 sive
482 357 528 412 est
548 349 595 411 eui
616 351 733 428 gratior
753 368 822 413 usus
843 367 995 430 equorum.

187 433 283 510 litque
303 430 368 491 ideo
389 435 490 492 tauros
510 430 612 507 procul
632 436 719 508 atque
739 429 768 491 in
789 431 852 492 sola
871 431 1007 506 relegant
1111 502 1113 507 s

186 509 309 584 Pascua,
331 516 398 586 post
411 516 541 569 montem
554 508 729 586 oppositum,
744 515 775 569 et
791 516 872 570 trans
888 508 1006 570 flumina
1024 507 1097 570 iata:

186 590 248 649 Atat
268 588 348 650 intus
368 589 483 648 clausos
502 594 604 649 satura
623 589 659 648 ari
680 588 830 665 praesepia
849 595 981 649 servant.

186 666 289 745 Carpit
309 665 387 726 enim
407 667 488 728 vires
509 665 674 745 paullatim,
697 666 815 744 uritque
836 667 960 727 ridendo
1059 661 1098 708 ²¹⁵

187 745 329 806 Femina:
352 763 405 805 nec
425 762 576 806 nemorum
590 745 703 823 patitur
717 745 894 818 meminisse,
909 762 961 805 nec
978 745 1097 806 herbae.

186 824 328 886 Dulcibus
348 824 399 885 illa
421 824 537 902 quidem
557 824 705 884 illecebris
724 831 756 885 et
776 841 861 902 saepe
880 825 1022 902 superbos

187 903 330 964 Cornibus
350 903 429 964 inter
449 920 481 963 se
501 902 612 980 subigit
633 905 790 964 decernere
809 909 953 965 amantes.

188 983 326 1043 Pascitur
346 981 377 1041 in
396 1000 502 1059 magna
522 982 584 1043 Sila
603 980 732 1043 formosa
751 982 894 1043 iuvenca:

188 1060 237 1121 Iiii
257 1062 438 1121 alternantes
459 1061 553 1122 muita
574 1060 605 1121 vi
624 1061 736 1139 proelia
756 1061 878 1124 miscent
1059 1057 1093 1105 Ν

189 1140 368 1200 Vulneribus
387 1139 522 1201 crebris:
544 1138 619 1202 iavit
640 1148 705 1200 ater
725 1158 849 1219 corpora
868 1141 1000 1220 sanguis,

190 1221 341 1296 Versaque
362 1218 391 1278 in
412 1218 532 1279 obnixos
553 1226 698 1296 urgentur
718 1237 826 1280 cornua
845 1228 931 1282 vasto

188 1300 262 1359 (ium
282 1297 415 1374 gemitu:
438 1299 560 1361 reboant
579 1298 729 1375 silvaeque
748 1305 779 1360 et
800 1299 906 1377 longus
926 1298 1082 1378 Olympus.

189 1377 253 1438 Nee
273 1394 336 1437 mos
356 1376 494 1437 bellantis
514 1395 570 1437 una
589 1378 760 1438 stabulare:
782 1379 833 1440 sed
853 1379 932 1439 alter

190 1455 296 1516 Victus
317 1456 389 1528 abit,
411 1457 554 1533 longeque
573 1454 683 1532 ignotis
703 1457 820 1518 exsulat
840 1456 923 1533 erisr
1058 1451 1101 1499 ²²⁵

190 1536 285 1596 itlnita
307 1551 426 1610 gemens
446 1534 633 1612 ignominiam
653 1535 811 1613 plagasque
831 1535 949 1615 superbi

191 1614 333 1686 Victoris,
357 1621 432 1687 tum,
455 1631 526 1692 quos
546 1612 645 1674 emisit
665 1613 775 1676 inuitus
796 1632 921 1688 amores,

191 1694 230 1754 iit
252 1693 365 1753 stabula
387 1693 558 1770 adspectans
577 1691 679 1769 regnis
697 1693 824 1755 excessit
843 1693 945 1756 avitis.

190 1773 273 1847 Iirgo
292 1772 370 1831 omni
390 1789 461 1832 eura
481 1772 562 1833 vires
582 1779 702 1833 exercet
723 1779 754 1834 et
774 1773 853 1834 inter

190 1852 270 1911 Dura
291 1850 367 1911 iacet
387 1868 497 1927 pernox
517 1851 644 1912 instrato
664 1867 735 1913 saxa
754 1852 855 1925 cubili,
1058 1848 1101 1897 ¹³⁰

191 1929 356 1990 Frondibns
375 1930 502 1991 hirsutis
520 1937 552 1990 et
572 1930 666 1990 carice
684 1937 787 2025 pastus
806 1937 913 2007 aeuta3

191 2009 232 2069 Et
253 2015 350 2068 tentat
371 2026 445 2082 sese,
468 2016 556 2087 atque
577 2009 664 2070 irasci
683 2028 714 2070 m
733 2027 841 2072 cornua
861 2010 948 2072 discit

190 2087 314 2148 Arboris
334 2088 458 2148 obnixus
479 2095 601 2149 trunco:
624 2096 784 2167 ventosque
805 2090 922 2151 lacessit

191 2167 313 2241 Ictibus,
335 2174 366 2227 et
387 2185 492 2244 sparsa
508 2169 543 2227 ad
564 2185 690 2244 pugnam
710 2167 841 2246 proludit
861 2185 959 2230 arena.

192 2247 267 2307 Post
288 2247 336 2306 ubi
356 2248 520 2307 conlectum
540 2249 631 2306 robur
651 2248 787 2324 viresqne
808 2246 946 2320 reiectae,
1059 2242 1101 2289 ²³⁵

191 2326 281 2402 Signa
302 2333 401 2385 movet
422 2342 616 2404 praecepsque
636 2325 760 2386 oblitum
780 2326 878 2387 fertur
898 2327 927 2386 iu
948 2327 1075 2399 bostem,

191 2406 316 2465 Fluctus
338 2405 394 2474 uti,
414 2405 510 2464 medio
528 2404 624 2482 eoepit
645 2422 734 2482 quum
754 2405 901 2466 albescere
923 2412 1022 2482 ponte,

191 2484 321 2560 Longius
341 2500 379 2544 ex
398 2484 517 2560 altoque
537 2483 632 2544 sinum
652 2484 758 2559 trabit,
780 2491 871 2564 utque
891 2484 1011 2545 volutus

191 2565 239 2624 Ad
261 2571 370 2637 terras,
392 2562 518 2622 immane
537 2571 621 2624 sonat
642 2579 696 2641 per
715 2580 798 2633 saxa,
818 2580 909 2641 neque
929 2561 992 2640 ipso

192 2642 294 2702 biente
314 2641 409 2702 minor
430 2641 616 2719 procumbit:
638 2649 670 2704 at
690 2641 749 2703 ima
769 2648 922 2703 exaestuat
942 2641 1018 2702 unda
1057 2637 1101 2683 ²⁴⁰

192 2719 374 2793 Vorticibus,
396 2721 567 2799 nigramque
587 2722 649 2781 alte
670 2721 813 2794 subiectat
833 2739 963 2783 arenam.

151 2801 245 2864 Omne
264 2803 335 2863 adeo
356 2818 447 2878 genus
467 2800 498 2860 in
518 2801 609 2862 terris
628 2801 833 2878 hominumque
853 2799 1049 2878 ferarumque,

192 2886 233 2943 lit
253 2898 344 2958 genus
364 2897 551 2956 aequoreum,
574 2882 708 2957 pecudes,
732 2878 882 2956 pictaeque
903 2879 1050 2952 volucres,
1072 2902 1073 2905 ¹

192 2963 225 3022 in
247 2959 338 3020 turias
358 2960 511 3036 ignemque
532 2967 633 3019 ruunt.
656 2963 749 3017 Amor
769 2959 902 3018 omnibus
921 2957 1009 3020 idem.

191 3040 337 3116 Tempore
357 3057 413 3098 nen
434 3037 492 3098 aiio
511 3037 676 3099 catulorum
694 3034 789 3102 oblita
808 3038 910 3101 leaena
1057 3032 1102 3080 ²⁴⁵

191 3117 315 3180 Saeuior
336 3117 451 3176 erravit
471 3115 602 3194 eampis:
624 3134 677 3176 nee
697 3120 798 3177 funera
819 3117 910 3193 vulgo
1160 3123 1165 3134 ·

191 3197 266 3259 ‘i'am
285 3197 378 3257 multa
399 3195 538 3256 informes
559 3195 621 3256 ursi
641 3202 830 3274 stragemque
850 3197 957 3257 dedere
986 3249 989 3253 .

193 3276 254 3337 Per
275 3274 386 3351 silvas3
410 3282 473 3336 tum
495 3291 600 3336 saevus
619 3293 708 3413 aper,
732 3282 794 3335 tum
814 3272 939 3353 pessima
960 3273 1060 3352 tigris.

192 3356 269 3427 Heu,
291 3355 368 3414 male
389 3362 453 3414 tum
476 3354 586 3431 Libyae
607 3371 638 3413 so
652 3353 678 3415 is
698 3361 819 3414 erratur
840 3353 869 3413 in
890 3353 991 3430 agris!

137 3492 139 3496 Α
192 3432 294 3494 Nonne
314 3432 407 3508 vides,
431 3440 463 3492 ut
485 3440 548 3493 tota
570 3441 682 3493 tremor
704 3438 854 3512 pertentet
868 3449 1010 3512 equorum
1062 3429 1103 3481 ²⁵⁰

188 3547 234 3592 Ῥ.
252 3546 348 3603 Virgilii
362 3545 396 3590 ul.
412 3546 524 3590 Bucolica
538 3551 560 3590 et
575 3545 691 3602 Georgia
1011 3545 1026 3592 ὓ
