2514 4178
429 202 590 257 essaenos
613 216 699 259 nonna
722 208 763 260 nt.

157 292 303 379 Tempore
323 319 381 362 non
401 300 458 363 alio
479 302 579 364 dieunt
602 305 769 380 regionibus
790 303 853 365 illis

158 380 312 452 Quaesitae
332 382 369 443 ad
390 399 473 443 saera
493 382 584 444 boves
608 385 736 457 lunonis,
759 392 789 444 et
811 384 875 448 uris

158 458 324 539 imparibus
344 462 447 523 ductos
468 462 529 523 alta
549 465 585 523 ad
606 462 724 523 donaria
745 480 860 524 currus.

158 540 241 615 Ergo
260 557 352 617 aegre
372 541 479 602 rastris
501 548 613 602 terram
635 542 792 615 rimantur,
816 551 846 603 et
868 542 939 621 ipsis

157 618 314 694 Vnguibus
333 618 475 680 infodiunt
497 620 610 697 fruges,
633 631 804 699 montesque
824 640 877 698 per
898 624 976 683 altos
1033 620 1072 664 ⁵³⁵

155 700 301 759 Contenta
321 698 438 759 cervice
458 701 581 760 trahunt
602 701 760 761 stridentia
782 702 925 778 plaustra.

42 798 45 803 ·
155 778 222 838 Non
243 778 329 854 lupus
350 777 470 838 insidias
489 780 626 857 explorat
648 781 737 840 ovilia
758 782 881 854 circum,

154 856 219 917 Nee
239 858 380 934 gregibus
400 864 559 918 nocturnus
580 860 765 919 obambulat:
788 860 886 919 acrior
906 860 991 920 illum

43 962 46 967 ·
154 938 233 998 Cura
252 938 364 997 domat.
386 936 494 997 Timidi
514 939 615 998 damae
635 940 774 1017 cervique
800 938 917 1014 fugaces

154 1016 240 1077 Nunc
259 1016 396 1109 interque
416 1034 501 1077 canes
521 1025 552 1077 et
576 1017 687 1077 circum
709 1026 787 1079 tecta
808 1027 967 1093 vagantur,
1030 1018 1071 1059 ⁵⁴⁰

156 1096 217 1155 lam
236 1093 329 1155 maris
349 1095 483 1154 rmmensi
504 1097 629 1173 prolem,
651 1106 683 1157 et
703 1115 795 1173 genus
812 1116 897 1156 omue
918 1106 1067 1157 natantum

156 1174 259 1235 Litore
279 1174 309 1233 in
330 1182 475 1249 extremo,
498 1193 550 1234 eeu
571 1176 711 1252 naufraga
731 1195 865 1254 corpora,
883 1179 990 1237 lluctus

155 1250 298 1332 Proluit3
318 1253 455 1315 insolitae
476 1254 592 1330 fugiunt
613 1254 642 1313 in
664 1256 783 1315 flumina
806 1258 925 1333 phocae.

155 1333 262 1395 Interit
283 1341 315 1393 et
335 1332 568 1394 eurvis'irustra
589 1333 705 1394 defensa
727 1335 850 1395 latebris

155 1413 280 1492 Vipera,
301 1419 332 1474 et
353 1411 476 1472 adtoniti
499 1411 627 1491 squamis
647 1415 830 1475 adstantibus
844 1414 945 1490 hydri.
1029 1412 1069 1457 ⁵⁴¹³

154 1493 230 1569 Ipsis
249 1500 297 1553 est
317 1499 369 1553 altr
389 1491 493 1552 avibus
514 1511 569 1551 non
590 1509 710 1568 aequus,
733 1500 764 1554 et
786 1494 856 1553 illae

154 1571 338 1650 Praecipites
359 1572 421 1632 alta
442 1571 535 1631 vitam
556 1573 610 1631 sub
630 1574 706 1631 nube
727 1574 907 1650 relinquunt.

155 1652 317 1713 Praeterea
335 1651 396 1711 iam
416 1668 469 1709 nec
489 1651 598 1711 mutari
620 1653 725 1729 pabula
747 1653 852 1722 refert,

155 1730 368 1809 Quaesitaeque
389 1737 494 1791 nocent
515 1738 619 1791 artos:
641 1748 757 1792 cessere
773 1729 910 1805 magistri

154 1809 340 1886 Phillyrides
360 1810 483 1878 Chiron,
503 1809 775 1887 Amythaoniusque
798 1812 973 1887 Melampus.
1029 1806 1069 1851 ⁵5⁰

153 1888 255 1951 Saevit
275 1895 308 1949 et
326 1888 356 1949 in
376 1890 473 1950 lucem
492 1887 609 1965 Stygiis
626 1890 732 1951 emissa
753 1890 891 1963 tenebris,

154 1968 273 2031 Pallida
291 1967 461 2047 Tisiphone,
485 1970 601 2028 morbos
622 1968 685 2044 agit
707 1977 774 2029 ante
795 1978 976 2045 metumque,

153 2049 243 2127 Inque
263 2047 328 2109 dies
348 2048 466 2109 aridum
487 2064 611 2123 surgens
631 2056 717 2124 caput
739 2049 830 2109 altius
851 2048 947 2107 ollert.

153 2130 262 2190 Balatu
281 2144 420 2207 pecorum
441 2134 472 2187 et
492 2127 606 2187 crebris
626 2128 790 2203 mugitibus
810 2146 920 2198 amnes,

155 2211 338 2285 Arentesque
358 2213 462 2268 sonant
481 2204 574 2283 ripae,
596 2208 744 2285 collesque
759 2206 865 2284 supini.
1028 2205 1067 2247 ⁵⁵⁵

155 2288 272 2366 lamque
291 2285 471 2347 catervatim
491 2286 541 2344 dat
561 2292 716 2361 stragem,
737 2293 826 2362 atque
849 2292 975 2361 aggerat
997 2284 1067 2361 ipsis

154 2368 187 2427 ln
207 2365 333 2427 mabulis
354 2364 436 2442 turpi
456 2363 569 2441 dilapsa
590 2368 732 2425 cadavera
756 2368 835 2439 tabe,

153 2446 252 2507 Donec
271 2446 361 2505 humo
380 2451 485 2519 tegere
505 2462 539 2502 ac
559 2444 651 2504 foveis
670 2446 845 2504 abscondere
860 2443 985 2504 diseunt.

153 2524 230 2587 Nam
249 2541 343 2617 neque
362 2531 428 2584 erat
448 2522 537 2582 eoriis
558 2540 644 2596 usus,
667 2542 719 2582 nee
740 2523 854 2583 viscera
875 2523 1025 2601 quisquam

153 2606 213 2667 Ant
233 2604 319 2664 undrs
337 2603 457 2663 abolere
477 2608 587 2681 potest,
609 2610 659 2662 aut
682 2604 800 2661 vincere
820 2604 960 2663 flamma:
1028 2598 1067 2641 ⁵⁰⁰

154 2684 200 2743 Ne
220 2684 344 2744 tondere
362 2682 481 2761 quidem
501 2683 604 2741 morbo
625 2681 785 2759 illuvieque
805 2700 908 2760 peresa

154 2762 288 2835 Vellera,
309 2779 363 2821 nec
383 2762 461 2822 telas
480 2768 601 2838 possunt
622 2762 772 2837 attingere
792 2768 906 2838 putres.

155 2840 267 2901 Verum
289 2841 380 2901 etiam
399 2840 510 2901 invises
530 2839 557 2899 si
577 2840 642 2915 quis
663 2842 793 2899 tentarat
809 2842 945 2913 amictus,

155 2920 301 2979 Ardentes
321 2920 455 2997 pabulas,
477 2926 566 2996 atque
588 2919 751 2978 immundus
776 2921 883 2978 olentia
906 2923 995 2981 sudor

156 2998 287 3057 hlembra
308 2999 496 3077 sequebatur,
519 3016 570 3057 nec
591 3000 679 3072 lengo
699 2998 801 3058 deiude
823 3000 949 3058 moranti
1030 3024 1065 3065 sur

156 3078 300 3156 'l'empore
319 3084 472 3138 contactos
491 3086 575 3138 artus
596 3095 680 3137 sacer
701 3077 777 3153 ignis
791 3080 908 3138 edebat.

461 3334 727 3350 -n—-n—

171 3494 197 3543 Ρ,
214 3500 309 3553 milii
320 3502 356 3545 H.
370 3500 519 3547 Boeotique
534 3500 645 3551 darn-asco
