2514 4178
458 278 622 324 eucnemon
641 280 730 326 omna
749 278 792 324 ιι.
1064 263 1102 324 ‘tt

191 363 246 440 Vt,
268 384 357 443 quum
375 367 472 444 prima
491 367 561 428 novi
580 369 686 430 ducent
708 368 842 430 examina
861 385 949 444 reges

190 446 270 505 Vere
290 463 354 519 suo,
368 446 516 538 ludetque
535 447 611 509 favis
631 447 738 509 emissa
757 448 907 522 iuventus,

190 524 294 584 Vicina
313 524 422 586 invitet
443 527 583 586 decedere
603 526 668 604 ripa
688 526 795 602 calori,

189 603 338 681 Obviaque
358 605 477 682 hospit''
457 623 494 666 ns
515 612 613 666 teneat
633 607 835 668 frondentibus
854 608 952 667 arbos·

189 684 223 742 Iu
243 683 379 756 medium,
403 702 454 744 seu
475 685 595 746 stabit
586 703 677 760 mers,
699 702 751 746 seu
771 687 899 779 profluet
920 687 1086 757 humor,
1073 683 1099 727 ⁶'

188 763 387 825 'transversas
407 764 511 825 salices
530 772 562 825 et
581 765 704 842 grandia
723 765 832 826 coniice
846 783 938 826 saxa.

188 840 332 901 Pontibus
352 849 385 902 ut
405 845 518 904 crebris
537 845 650 923 possint
669 845 779 907 consist
781 863 843 916 e1·,e
866 852 897 904 et
917 845 979 904 alas

188 921 322 981 Pandere
341 923 379 984 ad
398 923 544 984 aestivum
564 926 677 1000 solem;
699 943 724 986 ιι
716 924 798 985 ἰιοι
785 932 816 985 te
830 929 980 984 morantes

188 1001 351 1078 sparserit,
372 1013 423 1063 aut
443 1021 582 1087 praeceps
601 969 681 1082 Nepd
682 1023 737 1063 uno
758 1003 940 1064 immerserit
960 1005 1070 1064 Eurus

187 1083 267 1141 Haec
287 1082 397 1140 circum
417 1100 512 1143 casiae
533 1084 654 1177 virides,
676 1090 706 1144 et
728 1084 816 1143 olent'
793 1090 836 1143 ιιι
856 1083 918 1143 late
1071 1081 1098 1122 ³⁰

188 1161 328 1238 Serpilla,
349 1168 381 1221 et
400 1163 536 1238 graviter
556 1163 669 1240 spirant
672 1164 697 1222 is
716 1163 798 1240 copia
818 1163 976 1239 thymbrae

188 1241 322 1314 Floreat,
343 1239 545 1319 irriguumque
567 1242 667 1302 bibant
688 1242 812 1301 violaria
831 1241 893 1300 font
880 1247 954 1300 tem.

187 1320 254 1396 Ipsa
273 1328 383 1391 autem,
406 1338 457 1381 seu
478 1321 636 1381 corticibus
656 1321 711 1380 tibi
732 1328 797 1381 suta
818 1319 943 1388 cavatis,

188 1403 246 1460 Seu
266 1400 377 1459 lentot
366 1400 475 1460 tuerint
462 1401 627 1460 taltearia
648 1401 757 1459 vimine
779 1405 874 1472 texta,

187 1484 303 1554 Angust
305 1497 337 1539 os
357 1481 483 1540 habeant
502 1480 564 1541 adit
553 1488 611 1540 t.us
633 1480 711 1538 Nam
729 1480 843 1554 frigore
863 1478 954 1538 mella
1070 1477 1096 1519 ³⁵

186 1559 273 1634 Cogit
293 1558 399 1651 hiems,
420 1561 576 1638 eademque
597 1560 677 1619 calor
696 1558 852 1638 liquefacta
872 1557 1014 1618 remittit.

186 1639 321 1715 Vtraque
341 1638 388 1699 vis
407 1639 508 1731 apibus
525 1639 641 1731 pariter
662 1639 837 1698 metuenda.
860 1655 952 1715 neque
972 1637 1040 1696 illae

186 1719 415 1794 Nequidquam
408 1738 438 1778 m
460 1718 548 1779 tectis
568 1719 707 1778 certatim
728 1716 827 1778 tenuia
847 1735 916 1776 cera

185 1797 352 1873 Spirament
355 1818 370 1856 a
340 1799 497 1868 tlinunt,
518 1797 639 1875 incoque
659 1806 690 1858 et
711 1798 832 1857 fioribus
853 1813 921 1857 oras

185 1875 323 1955 Explent,
345 1879 558 1956 collectumque
570 1878 665 1938 haec
655 1895 734 1971 ipsa·
731 1880 768 1936 ad
782 1894 903 1936 munera
917 1876 1022 1951 gluten
1066 1875 1094 1916 ⁴⁰

186 1959 226 2015 Et
247 1956 327 2016 visco
348 1964 379 2016 ιι
400 1959 545 2034 phrygiae
565 1964 686 2020 servant
706 1956 770 2034 pice
789 1957 860 2017 lent
838 1964 898 2017 tius
922 1957 1002 2015 Idae.

185 2039 275 2112 Saepe
295 2036 386 2095 etiam
406 2037 518 2099 effossis
539 2037 577 2116 (si
596 2055 669 2098 vera
689 2044 735 2097 est
754 2035 844 2114 fama)
864 2035 988 2095 latebris

185 2118 245 2175 Sub
265 2123 349 2176 terra
369 2116 470 2177 fovere
490 2118 595 2191 larem,
617 2116 789 2194 penitusque
809 2121 946 2193 repertae

185 2195 409 2272 Pumicibusque
428 2197 521 2265 cavis,
540 2214 700 2271 exesaeque
720 2194 833 2256 arboris
853 2201 950 2255 antro.

184 2277 231 2335 Tu
250 2281 348 2335 tamen
368 2293 384 2333 e
403 2275 465 2335 levi
485 2275 595 2337 rimosa
613 2275 719 2335 cubilia
741 2274 813 2333 limo
1064 2272 1092 2313 ⁴⁵

185 2357 271 2429 Vnge
291 2357 392 2414 fovens
412 2355 534 2429 circum,
556 2363 587 2416 et
608 2372 693 2416 raras
712 2371 801 2429 super
820 2351 906 2412 iniice
926 2352 1055 2412 frondes.

184 2435 250 2494 Neu
288 2434 388 2511 ropius
409 2442 470 2495 tect
471 2434 496 2496 is
516 2443 619 2496 taxum
638 2433 712 2507 sinc,
734 2450 808 2492 neve
829 2433 967 2493 rubentes

184 2515 246 2573 Vre
266 2453 329 2573 ιιοι
349 2532 481 2589 cancros,
502 2516 545 2575 alt
533 2522 580 2575 tae
600 2533 657 2573 neu
676 2515 763 2572 crede
783 2510 903 2589 paludi.

183 2596 244 2652 Aut
264 2593 312 2652 ubi
333 2595 405 2653 odor
425 2594 506 2655 coeni
525 2594 638 2670 graviS,
660 2599 710 2653 aut
731 2592 781 2651 ubi
800 2609 926 2652 concava
945 2591 1030 2668 pulsu

183 2674 259 2733 Saxa
279 2681 393 2747 sonant,
416 2675 516 2752 vocisq
517 2693 553 2733 ue
572 2673 679 2733 offensa
700 2672 828 2732 resultat
815 2671 956 2747 timago.
1062 2668 1089 2710 ⁵⁰

151 2754 225 2824 Quod
246 2760 391 2829 superest
366 2754 462 2812 tubi
483 2754 595 2831 pulsam
614 2752 742 2845 hiemem
762 2751 807 2812 sol
827 2768 932 2811 aureus
952 2748 1015 2824 egit

182 2832 242 2890 Sub
262 2839 371 2904 terras,
392 2834 562 2910 coelumque
581 2840 645 2893 aest
647 2831 695 2893 ιιι
715 2832 781 2893 luce
801 2830 935 2904 reclusit,

183 2912 255 2970 Illae
275 2877 410 2972 contiduo
430 2913 524 2972 saltus
543 2913 691 2989 silvasque
712 2916 882 2989 peragrant,

185 2991 406 3066 Purpureosque
427 2998 542 3051 metunt
562 2992 716 3065 flores,ct
703 2990 856 3052 tflumina
875 2988 969 3049 libant

181 3070 302 3129 Summa
320 3070 413 3130 leves
435 3071 510 3129 Hinc
529 3070 626 3131 nescio
646 3091 703 3148 qua
723 3069 874 3131 dulcedine
894 3069 989 3130 laetae
1062 3067 1089 3109 ⁵⁵

187 3148 359 3222 l‘rogeniem
379 3149 517 3226 nidosque
536 3150 658 3210 fovent:
680 3151 748 3210 hinc
767 3157 835 3210 arte
854 3156 988 3210 recentes

182 3229 336 3287 Excudunt
356 3245 450 3302 ceras,
472 3236 503 3289 et
522 3231 611 3290 mella
631 3229 744 3292 tenacia
757 3229 883 3304 fingunt.

180 3306 266 3379 Hinc,
288 3307 336 3365 ubi
357 3307 414 3366 iam
435 3308 573 3369 emissum
593 3309 690 3370 caveis
710 3311 746 3369 ad
766 3308 864 3368 sidera
884 3309 958 3367 coeli

180 3385 262 3444 Nare
281 3403 334 3462 per
354 3393 497 3448 aestatem
517 3388 656 3465 liquidam
677 3388 845 3464 suspexeris
864 3405 980 3463 agmen,

180 3466 396 3563 obscuramque
416 3466 497 3538 trabi
517 3475 604 3529 vento
624 3468 770 3540 mirabere
792 3468 907 3547 nubem,
1062 3465 1088 3515 ιι
