2514 4178
153 229 189 304 tt
506 246 534 304 a.
558 252 681 305 nnana
699 246 735 305 u.

189 353 264 411 Sunt
285 348 408 411 Thasiae
429 349 518 424 vites,
540 358 608 410 sunt
629 357 661 411 et
681 349 861 411 Mareotides
881 349 977 422 albae,

190 429 351 505 Pinguibus
370 432 426 489 hae
447 429 539 490 terris
558 429 684 499 habiles,
704 428 865 491 levioribus
885 428 968 490 illae.

189 511 229 569 Et
251 526 335 585 passo
356 509 472 569 Psithia
493 508 607 582 utilior,
630 509 783 586 tenuisque
803 510 929 586 Lageos,
954 550 962 563 .

188 590 350 647 'l'entatura
371 589 458 664 pedes
478 588 550 647 olim
571 588 763 664 vincturaque
784 587 936 664 linguam3

191 669 370 743 Purpureae,
393 666 586 744 preciaeque;
607 673 639 726 et
660 687 716 744 quo
738 674 769 727 te
788 668 917 727 carmine
937 665 1046 740 dicam,
1077 663 1103 708 ⁰³

189 744 355 806 Rhaetica?
377 764 430 805 uec
449 746 534 805 cellis
554 747 618 805 ideo
638 747 779 806 contende
800 745 947 806 Falernis.

188 827 263 888 Sunt
283 831 315 885 et
335 825 492 886 Aminneae
512 825 599 897 vites,
622 824 793 885 tirmissima
814 825 893 898 vina,

193 903 310 964 Fmolus
329 909 360 962 et
381 904 511 980 assurgit
533 905 647 980 quibus,
669 912 701 963 et
722 922 776 964 rex
797 903 859 980 ipse
882 905 1056 982 Phanaens3

188 982 361 1059 Argitisque
381 984 487 1055 minor,
513 983 561 1042 cui
580 1001 636 1044 nou
656 983 819 1045 certaverit
841 984 902 1044 ulla

187 1065 248 1124 Aut
270 1069 385 1121 tantum
407 1063 510 1136 fluere,
531 1069 583 1122 aut
604 1062 730 1124 totidem
743 1063 852 1123 durare
872 1080 926 1139 per
945 1079 1046 1122 annos.
1063 1058 1101 1103 ¹⁰⁰

187 1143 253 1201 Non
274 1158 330 1215 ego
350 1149 393 1213 te,
415 1138 468 1200 Dis
488 1147 520 1201 et
540 1141 649 1201 mensis
669 1149 788 1220 accepta
808 1141 952 1214 secundis,

186 1219 379 1293 Transierim,
403 1221 528 1292 Rhodia,
551 1227 583 1281 et
604 1220 735 1294 tumidis,
757 1222 910 1294 Bumaste,
933 1219 1069 1280 racemis.

186 1301 246 1360 Sed
256 1317 358 1376 neque,
374 1318 461 1377 quam
473 1301 583 1359 multae
597 1299 719 1376 speeies,
734 1317 798 1372 nec,
814 1300 929 1360 nomina
943 1317 1017 1375 quae
1028 1301 1097 1370 siut,

188 1381 244 1440 Est
264 1395 402 1439 numerus
421 1396 513 1457 neque
533 1378 609 1437 enim
631 1397 750 1439 numero
764 1380 973 1456 comprendere
994 1379 1097 1438 refert.

188 1459 280 1529 Quem
301 1457 351 1535 qui
371 1459 448 1518 scire
469 1458 555 1529 velit,
578 1458 683 1535 Lybiui
704 1458 779 1518 velit
801 1457 935 1536 aequoris
954 1458 1034 1518 idem
1062 1455 1100 1498 ¹⁰⁰

187 1538 307 1597 Discere
327 1556 412 1614 quam
434 1538 545 1597 multae
559 1539 689 1615 zephyro
710 1540 868 1598 turbentur
890 1555 1020 1615 arenae,

188 1619 261 1690 Aut,
283 1616 331 1675 ubi
352 1617 478 1692 navigiis
500 1616 658 1677 violentior
679 1615 780 1676 incidit
802 1618 911 1690 Eurus,

187 1696 292 1769 Nosse,
314 1702 386 1773 quot
407 1695 479 1755 lonii
501 1695 618 1756 veniant
639 1698 674 1756 ad
697 1696 786 1757 litora
807 1696 933 1756 ductus..

150 1774 210 1833 Nec
232 1793 303 1834 vero
324 1781 424 1836 terrae
443 1775 523 1834 ferre
543 1792 643 1836 omues
662 1774 757 1836 omnia
777 1783 908 1852 possunt.

187 1853 372 1914 Fluminibus
392 1855 496 1915 salices
515 1855 678 1932 crassisque
699 1855 852 1932 paludibus
871 1854 930 1915 alni
1065 1853 1101 1896 ¹¹⁰

186 1934 367 2009 Nascuntur;
390 1933 510 1994 steriles
530 1933 643 1994 saxosis
663 1933 811 1994 montibus
831 1934 918 2011 orni3

187 2012 292 2072 Litora
312 2013 456 2089 myrtetis
477 2013 657 2072 laetissima:
680 2013 801 2090 denique
821 2021 940 2089 apertos

188 2091 319 2152 Bacchus
338 2098 416 2151 amat
438 2093 540 2164 colles,
563 2091 726 2170 aquilonem
745 2101 776 2153 et
797 2093 910 2168 frigora
932 2092 1005 2152 taxi.

187 2169 312 2247 Adspice
333 2177 362 2230 et
383 2171 528 2231 extremis
548 2170 691 2232 domitum
711 2172 875 2232 cultoribus
896 2173 1011 2241 orbem,

188 2251 320 2326 ansque
341 2251 442 2310 domos
461 2251 590 2310 Arabum
611 2250 760 2328 pictosque
781 2252 927 2327 Gelonos;
1062 2247 1099 2292 ¹¹⁵

188 2327 307 2388 Divisae
327 2330 481 2389 arboribus
502 2329 635 2405 patriae:
659 2331 721 2390 sola
742 2330 822 2391 ludia
841 2329 961 2406 nigrum

187 2409 262 2468 Fert
283 2410 426 2486 ebenum,
449 2409 519 2470 solis
539 2417 585 2469 est
606 2415 692 2468 turea
713 2409 800 2485 virga
820 2410 951 2470 Sabaeis.

186 2487 262 2558 Quid
284 2487 337 2547 tibi
358 2489 480 2549 odorato
501 2488 627 2548 referam
649 2489 782 2549 sudantia
802 2489 883 2565 ligno

187 2567 389 2645 Balsamaque,
410 2574 441 2627 et
463 2568 566 2627 baccas
586 2585 701 2644 semper
722 2568 884 2629 frondentis
904 2566 1047 2628 acantltil

187 2645 263 2718 Quid
284 2665 402 2706 nemora
423 2646 611 2724 Aethiopum,
632 2647 715 2707 molli
736 2647 868 2707 canentia
888 2648 964 2723 lana,
1060 2644 1099 2688 ¹⁰⁰

187 2726 365 2802 Velleraque
387 2732 419 2786 ut
440 2726 518 2786 foliis
539 2730 694 2803 depectant
715 2726 813 2787 tenuia
832 2726 945 2787 Serest

187 2808 247 2866 Aut
268 2824 341 2882 quos
360 2806 474 2865 Oceano
494 2806 613 2882 propior
634 2806 714 2881 gerit
735 2805 816 2866 India
835 2806 928 2875 lucos,

187 2885 324 2944 Extremi
346 2885 425 2945 sinus
446 2884 547 2945 orbisl
571 2885 617 2944 ubi
639 2893 707 2946 ae'ra
727 2885 845 2944 vincere
865 2903 1011 2946 summum

187 2964 311 3023 Arboris
331 2965 406 3023 haud
429 2966 506 3023 ullae
528 2965 605 3025 iactu
626 2972 749 3040 potuere
768 2965 917 3042 sagittae3

186 3043 228 3103 Et
249 3059 321 3117 gens
341 3043 393 3103 illa
412 3043 528 3119 quidem
548 3045 655 3104 sumtis
675 3063 731 3103 non
752 3047 838 3106 tarda
857 3043 1019 3121 pharetris.
1060 3039 1099 3087 ¹²⁰

186 3121 283 3182 Media
304 3120 363 3182 t'ert
386 3122 488 3181 tristes
509 3140 609 3182 succos
629 3124 803 3201 tardumque
824 3141 958 3200 saporem

186 3200 296 3261 Felicis
316 3200 398 3273 mali,
420 3219 477 3277 qno
497 3220 552 3261 nou
572 3202 756 3279 praesentius
776 3203 881 3278 ullum,

188 3280 296 3339 Pocula
317 3279 342 3340 si
362 3281 475 3358 quando
495 3297 600 3342 saevae
619 3281 745 3341 infecere
765 3300 920 3356 novercae,

167 3359 424 3438 ’Miscueruutque
444 3360 551 3420 herbas
570 3367 601 3421 et
621 3378 677 3420 nou
697 3359 813 3424 innoxia
833 3363 936 3436 verba,

189 3437 338 3503 Auxilium
360 3439 453 3523 veuit,
475 3457 508 3505 ac
529 3441 676 3507 membris,
689 3441 752 3521 agit
773 3447 839 3506 atra
860 3459 981 3506 renent.
1059 3439 1099 3488 ¹⁰⁰
