2514 4178
467 270 630 316 snonemou
651 270 738 314 nnnnn
757 269 780 313 ι.
871 279 874 285 ’
1063 253 1102 314 43

190 357 276 423 Nunc
296 359 381 431 alios,
400 358 485 436 alios,
508 363 577 420 dum
598 359 697 422 nubila
715 366 822 421 ventus
839 359 961 441 agebat,

190 439 382 519 Concipiunt:
403 438 471 500 binc
491 438 544 500 ille
564 438 664 501 avium
683 447 839 506 concentus
858 439 887 499 in
908 438 1001 514 agnis,

190 519 231 580 Et
252 521 348 580 laetae
366 520 502 598 pecudes,
524 526 554 579 et
575 526 698 580 ovantes
718 525 842 596 gutture
861 518 955 579 corvi.

152 599 183 660 Si
204 617 276 659 vero
296 599 389 660 solem
407 599 445 660 ad
466 599 599 677 rapidum
619 598 759 676 lunasque
780 604 934 675 sequentes

190 678 300 739 Ordine
319 675 470 755 respicies,
492 694 637 756 nunquam
657 684 689 738 te
708 676 837 737 crastina
856 675 941 736 fallet
1061 673 1101 720 ⁴²5

190 759 282 831 Hora,
303 774 395 836 neque
414 755 528 817 insidiis
547 755 642 817 noctis
661 755 778 832 capiere
798 773 929 816 serenae.

191 839 285 908 Luna,
306 842 494 897 revertentes
513 854 602 914 quum
622 834 750 912 primum
770 834 885 911 colligit
907 834 1001 910 ignes,

191 917 223 976 Si
243 916 361 992 nigrum
381 917 503 975 obscuro
523 913 740 992 comprenderit
760 921 830 973 aera
849 931 952 986 cornu,

191 996 347 1055 Maxumus
366 994 506 1069 agricolis
525 994 686 1070 pelagoque
706 993 860 1070 parabitur
879 993 996 1052 imber=

191 1077 246 1142 At,
266 1073 292 1134 si
311 1073 479 1147 virgineum
498 1072 652 1133 suffuderit
673 1091 724 1132 ore
746 1073 896 1141 ruborem,
1062 1070 1102 1114 ⁴³⁰

191 1154 307 1213 Ventus
325 1153 406 1212 erit:
429 1159 518 1212 vento
538 1169 654 1230 semper
674 1153 762 1211 rubet
782 1169 870 1212 aurea
891 1151 1020 1210 Phoebe.

191 1232 242 1292 Sin
263 1238 332 1291 ortu
352 1238 459 1310 quarto
480 1232 614 1311 (namque
634 1229 661 1292 is
679 1227 861 1291 certissimus
881 1230 998 1310 auctor)

191 1313 273 1370 Pura
292 1328 346 1370 nec
365 1311 478 1371 obtusis
498 1327 552 1388 per
572 1310 686 1370 coelum
706 1309 841 1369 cornibus
862 1309 928 1382 ibit,

191 1393 285 1450 'lotus
305 1397 336 1450 et
356 1389 409 1448 ille
429 1389 502 1462 dies,
525 1390 625 1467 etqui
646 1396 800 1450 nascentur
821 1390 857 1448 ab
878 1388 930 1448 illo

192 1472 339 1529 llxactum
358 1470 396 1529 ad
416 1486 545 1530 mensem
564 1469 664 1545 pluvia
684 1467 838 1544 ventisque
858 1469 1010 1532 carebunt.
1063 1464 1102 1508 ⁴³⁵

192 1550 327 1626 Votaque
347 1547 460 1609 servati
480 1549 596 1608 solvent
616 1547 647 1606 in
666 1547 757 1608 litore
776 1554 882 1607 nautae

192 1627 314 1700 Glauco,
335 1634 367 1688 et
388 1627 539 1704 Panopeae
559 1634 590 1686 et
610 1626 680 1687 Iuoo
700 1625 882 1686 Melicertae.

191 1707 244 1766 Sol
264 1724 376 1784 quoque
396 1713 427 1766 et
447 1705 594 1778 exoriens,
616 1713 646 1765 et
668 1724 757 1783 quum
777 1722 810 1765 se
829 1706 926 1766 condit
947 1705 977 1766 in
998 1707 1099 1778 undae,

191 1785 282 1864 Signa
301 1785 403 1860 dabit3
425 1785 519 1845 solem
538 1784 703 1846 certissima
723 1785 809 1861 signa
828 1792 1001 1863 sequuntur,

191 1867 233 1925 Et
253 1882 325 1942 quae
345 1881 430 1923 mane
449 1863 544 1924 refert
564 1871 595 1924 et
616 1881 689 1941 quae
709 1864 897 1941 surgentibus
918 1864 1019 1926 astris.
1061 1861 1103 1905 ⁴4⁰

191 1944 249 2003 llle
268 1943 316 2002 ubi
336 1950 503 2003 nascentem
522 1943 644 2003 maculis
664 1942 828 2004 variaverit
847 1951 959 2017 ortum,

192 2021 331 2082 Conditus
351 2023 380 2082 in
400 2024 505 2082 nubem
525 2022 677 2100 medioque
697 2022 845 2100 refugerit
866 2026 949 2094 orbe,

193 2101 327 2178 Suspecti
349 2101 404 2161 tibi
424 2101 483 2162 sint
504 2101 636 2176 imbres;
657 2120 781 2179 namque
801 2109 891 2180 urget
911 2104 948 2162 ab
967 2103 1030 2162 alto

191 2180 411 2258 Arboribusque
430 2181 559 2259 satisque
579 2188 665 2242 notus
686 2181 840 2259 pecorique
860 2182 992 2243 sinister.

192 2262 253 2320 Aut
274 2260 323 2319 ubi
343 2261 397 2320 sub
416 2260 511 2319 lucem
533 2263 620 2321 densa
639 2260 719 2320 inter
739 2262 837 2320 nubila
857 2278 921 2321 sese
1063 2257 1102 2302 ¹⁴⁵

191 2337 311 2398 Diversi
330 2346 467 2416 rumpent
488 2340 574 2415 radii,
595 2346 645 2399 aut
666 2339 715 2398 ubi
735 2340 843 2416 pallida
864 2347 968 2416 surget

191 2416 314 2477 'Pithoni
332 2435 468 2478 croceum
489 2417 620 2496 linquens
640 2435 747 2478 aurora
767 2417 874 2492 cubile,

191 2495 276 2555 Heu!
300 2497 377 2556 male
397 2505 461 2557 tum
482 2496 564 2557 mitis
584 2497 720 2559 defendet
740 2498 891 2573 pampinus
913 2515 1006 2559 uvas:

191 2577 264 2635 'Paru
286 2575 381 2635 multa
401 2575 431 2635 in
451 2576 539 2636 tectis
559 2577 707 2654 crepitans
727 2576 797 2636 salit
818 2576 940 2637 horrida
959 2579 1082 2653 grando.

184 2656 254 2713 lloc
275 2655 374 2725 etiam,
396 2673 513 2716 emenso
534 2675 621 2734 quum
642 2656 700 2714 inm
721 2657 841 2716 decedet
862 2657 1001 2733 Olympo,
1064 2652 1104 2696 ⁴⁵⁰

194 2733 344 2794 l‘rosuerit
365 2735 532 2794 meminisse
552 2735 667 2811 magis:
689 2752 755 2793 nam
777 2753 863 2813 saepe
884 2734 1017 2796 videmus

193 2812 286 2888 lpsius
306 2812 336 2871 in
356 2814 442 2873 vultu
462 2813 561 2873 varios
582 2832 683 2873 errare
703 2815 837 2889 colores3

192 2891 350 2951 Caeruleus
372 2892 502 2969 pluviam
523 2892 686 2966 denuntiat,
707 2895 810 2968 igneus
831 2895 939 2953 Euros.

192 2970 243 3030 Sin
264 2971 394 3031 maculae
413 2971 551 3048 incipient
572 2972 663 3032 rutilo
684 2972 866 3032 inmiscerier
885 2971 960 3050 igni,

192 3049 296 3108 Omnia
316 3057 386 3110 tunc
406 3051 519 3128 pariter
540 3058 629 3112 vento
648 3051 810 3128 nimbisque
830 3051 944 3114 videbis
1063 3051 1104 3095 ⁴⁵⁵

193 3130 347 3187 Fervere:
369 3149 425 3188 nou
446 3131 498 3190 illa
518 3130 669 3207 quisquam
690 3149 737 3189 me
757 3138 843 3191 nocte
858 3150 916 3208 per
936 3132 1030 3192 altum

193 3208 253 3279 Ire,
274 3224 366 3285 neque
384 3226 402 3267 a
424 3215 505 3270 terra
525 3217 640 3269 moneat
660 3211 828 3270 convellere
847 3210 956 3270 funem.

194 3289 234 3346 At
254 3285 292 3357 si,
314 3306 402 3364 quum
422 3288 590 3366 referetque
610 3289 687 3348 diem
706 3292 867 3367 condetque
887 3289 1027 3363 relatum,

194 3364 320 3425 Lucidus
338 3367 417 3426 orbis
438 3366 509 3439 erit,
530 3368 643 3428 frustra
663 3371 815 3428 terrebere
836 3368 952 3443 nimbiS,

192 3445 234 3505 Et
254 3445 334 3506 claro
355 3446 445 3507 silvas
465 3464 566 3506 cernes
587 3447 719 3525 aquilone
740 3447 864 3507 moveri.
1064 3445 1103 3489 ¹⁶⁰
