2514 4178
216 200 233 258 4

216 313 285 376 tato
309 304 465 390 consilio,
483 305 653 378 decedito
677 308 713 376 in
737 310 885 396 patriam
910 311 1081 397 cogitavit.
1101 314 1163 384 Sed

216 414 252 482 in
273 413 399 484 itinere
422 417 538 485 morbo
560 421 730 496 tentatus,
757 417 841 484 obiit
863 418 1051 487 Brundusii
1077 439 1162 489 anne

216 519 311 590 urhis
334 522 491 591 conditae
514 541 681 592 cccxxxv,

258 627 456 698 Bucolicum
479 649 632 710 carmen,
652 629 895 700 vetustioribus
918 633 1055 721 populis
1077 631 1164 700 haud

215 735 385 822 ignotum,
408 735 446 804 in
468 735 585 805 Sicilia
608 735 757 823 primum
781 738 952 805 excultum
966 740 1092 818 ferunt,
1112 740 1163 806 ubi

214 840 305 912 mitis
328 842 416 912 coell
437 842 635 930 temperies
662 842 804 929 pinguia
828 862 968 930 pascua,
993 852 1094 931 atque
1118 845 1163 911 in·

214 948 350 1020 numeri
373 967 501 1034 greges
525 951 615 1015 ultro
639 953 760 1035 poe’tas
783 948 828 1015 ad
852 950 1046 1019 canendum
1070 950 1112 1018 de
1128 969 1163 1018 re

214 1053 391 1143 pastoritia
406 1052 585 1141 impellere
609 1052 810 1123 debuerunt.
838 1057 926 1122 Prae
943 1056 1090 1125 caeteris
1106 1075 1163 1124 au·

214 1167 282 1230 tem
304 1161 505 1230 Theocritus
527 1160 607 1229 huic
630 1165 777 1249 poeseos
801 1161 922 1244 generi
953 1163 1163 1246 singularem

215 1273 429 1338 venustatem
441 1267 665 1349 conciliando,
683 1267 879 1355 pastoritiae
896 1268 985 1337 vitae
1000 1269 1174 1340 innocen--

216 1373 295 1442 tiam
321 1380 356 1444 et
382 1372 522 1443 delicias
549 1372 600 1442 sic
623 1374 861 1456 adumbravit,
894 1381 930 1444 ut
957 1377 1162 1444 carminibus

214 1481 285 1552 suis
299 1479 386 1550 mira
401 1481 548 1568 quadam
571 1480 738 1549 suavitate
754 1481 915 1550 homines
930 1483 1153 1570 perfunderet

214 1588 256 1656 ut
278 1605 345 1674 quo
367 1587 499 1657 facilius
526 1586 655 1656 siculus
681 1593 778 1676 potita
809 1587 1001 1672 legentium
1034 1589 1163 1656 animos

214 1698 357 1786 teneret,
384 1693 602 1784 potiusquam
626 1712 743 1779 agros,
777 1713 924 1778 greges,
949 1698 1106 1781 pastores
1134 1701 1164 1762 et

213 1802 317 1870 silvas
358 1799 590 1889 descriptione
621 1807 788 1888 perpetua
823 1799 922 1868 nobis
960 1801 1164 1882 exhiberet,

214 1907 376 1976 dramatis
401 1909 545 1976 formam
569 1908 711 1993 selegit,
737 1925 804 1994 quo
832 1913 988 1994 pastores
1017 1908 1106 1977 inter
1129 1927 1164 1978 se

214 2015 444 2104 colloquentes
469 2013 691 2084 inducuntur.

256 2120 428 2190 Theocriti
453 2121 611 2206 vestigiis
634 2123 813 2205 ingressus
846 2121 1025 2205 Vtrpttius,
1055 2130 1164 2209 pasto·

215 2227 294 2298 ralis
310 2228 399 2296 uitae
419 2227 618 2297 felicitatem
643 2227 821 2296 commode
847 2226 1003 2296 versibus
1020 2229 1163 2296 effluxit.

214 2337 253 2404 lu
268 2334 332 2404 hoc
347 2338 465 2404 tamen
481 2334 560 2422 plus
582 2332 667 2402 artis
688 2338 845 2421 apparet,
872 2351 974 2421 quam
989 2332 1026 2401 in
1041 2352 1165 2420 graeco

213 2444 334 2530 poe‘ta,
356 2439 452 2510 cuius
474 2439 594 2529 idyllia
617 2439 753 2510 sincera
776 2440 924 2527 quadam
948 2439 1165 2526 simplicitate

212 2545 427 2635 potissimum
465 2547 764 2617 commendantur.
805 2548 922 2634 Neque
956 2545 992 2613 id
1026 2546 1163 2615 mirum.

213 2650 383 2740 Virgilius
404 2652 496 2722 enim
520 2655 714 2743 politiorem
737 2658 885 2722 aetatem
908 2659 1040 2733 nactus,
1060 2656 1165 2722 multa

212 2759 407 2832 necessario
429 2760 473 2829 ad
497 2767 674 2848 pastorum
705 2760 811 2829 vitam
842 2761 1034 2848 spectantia
1063 2780 1165 2829 exor·
1226 2841 1228 2847 Ι

213 2866 319 2950 navit,
335 2884 423 2953 qnae
439 2867 530 2936 nude
545 2873 647 2955 atque
662 2866 708 2934 ad
725 2865 774 2933 rei
791 2866 970 2935 veritatem
986 2886 1162 2955 expressa,

213 2972 381 3061 superbae
395 2975 625 3043 Romanorum
645 2990 749 3042 aures
765 2972 975 3041 fastidiosius
988 2972 1164 3062 repudias·

213 3083 304 3148 scut.

256 3184 529 3255 Decemomnino
543 3190 663 3257 extant
673 3186 825 3273 Eclcqoc
836 3185 1066 3272 Virgilianae,
1083 3204 1164 3275 qua·

214 3310 290 3362 rum
307 3298 523 3380 argumenta,
547 3293 577 3361 si
600 3300 770 3381 quartam,
796 3299 928 3364 sextam
944 3299 977 3363 et
994 3292 1165 3365 decimam

213 3394 379 3490 excipias,
403 3399 489 3468 haec
511 3397 620 3468 ferme
644 3404 743 3487 sunt3
768 3407 828 3470 aut
851 3399 1002 3490 pastoris
1025 3404 1167 3489 questus
