2514 4178
479 243 631 304 acconen,
656 244 718 289 nco.
742 244 784 290 m.
1079 231 1112 292 ts

200 335 240 397 ut
261 336 355 398 vitula
376 341 409 397 tu
431 336 545 412 dignus,
569 344 599 397 et
620 337 689 396 hic:
711 344 742 396 et
764 337 894 415 quisquis
920 357 1034 400 amores

198 417 261 476 Aut
281 423 393 475 metuet
415 417 515 476 dulces
534 424 586 477 aut
607 417 778 494 experietur
792 436 918 478 amaros.

197 495 333 556 Claudite
352 495 410 556 iam
431 495 524 570 rivos,
547 495 647 571 pueri:
670 502 716 556 sat
736 502 823 582 prata
843 497 991 560 biberunt.

371 810 541 879 ECLOGA
567 811 627 878 IV.
653 844 697 861 -
720 810 895 879 POLLIO.

519 1039 736 1084 ARGVMENTVM.

158 1139 369 1201 Genettttaeon
389 1139 472 1199 canit
492 1139 659 1209 Salonino,
679 1138 782 1198 Asinii
802 1138 947 1198 I'otlt'oais
971 1136 1021 1212 F„
1038 1145 1108 1214 post

194 1235 324 1297 Solonas
342 1245 448 1314 captas
467 1244 561 1311 nato,
582 1238 673 1296 simul
692 1243 722 1296 ct
741 1234 874 1311 Aupttstr'
892 1235 998 1296 laudes
1013 1252 1106 1311 praa·

191 1335 279 1395 dicre
297 1337 375 1412 stylo
391 1337 595 1414 persequitur.

152 1516 295 1579 Sicelides
316 1517 428 1592 Musae,
450 1516 548 1595 paullo
569 1515 679 1577 maiora
699 1532 856 1594 canamus;

190 1599 258 1658 Non
278 1615 377 1658 omnes
396 1598 516 1658 arbusta
536 1595 638 1659 iuvant
658 1595 841 1674 humilesque
860 1594 1012 1672 myricae:

188 1677 223 1737 Si
243 1678 372 1737 canimus
391 1678 494 1744 silvas,
515 1675 609 1736 silvae
629 1674 688 1736 sint
709 1678 826 1735 consule
846 1675 962 1750 dignae.

152 1755 263 1818 t‘oima
283 1755 403 1817 Cumaei
422 1755 504 1816 venit
523 1756 581 1815 iam
602 1754 739 1815 carminis
759 1762 861 1829 actas3

187 1837 312 1912 Magnus
331 1837 368 1894 ab
387 1835 505 1911 integro
525 1835 687 1894 saeclorum
707 1834 837 1894 nascitur
858 1834 941 1893 ordo.

188 1917 248 1975 lam
269 1915 348 1975 redit
368 1922 399 1976 et
420 1916 527 1990 Virgo,
550 1917 673 1974 redeunt
694 1914 833 1974 Saturnia
852 1930 965 1990 regna;

188 1994 249 2053 lam
268 2013 344 2055 nova
364 1995 517 2071 progenies
537 1994 618 2054 coelo
638 1993 807 2053 demittitur
827 1993 900 2053 alto.

187 2073 231 2133 'l'u
251 2076 336 2135 modo
355 2075 485 2134 nascenti
506 2090 609 2150 puero,
621 2092 686 2150 ,quo
706 2073 803 2132 ferrea
823 2071 951 2149 primum

186 2151 306 2212 Desinet
326 2171 360 2212 ae
380 2160 444 2214 toto
464 2159 569 2228 surget
589 2169 662 2226 gens
681 2168 770 2212 aurea
789 2153 907 2223 munzlo,

183 2232 284 2300 Casta,
303 2231 381 2306 fave,
403 2230 533 2292 Lucina:
556 2237 625 2292 tuus
644 2231 703 2292 iam
722 2238 828 2308 regnat
849 2230 966 2306 Apollo.

183 2311 283 2387 Teque
303 2312 375 2370 adeo
395 2311 483 2371 decus
503 2311 559 2371 hoc
578 2309 655 2384 aevi,
678 2318 710 2371 tc
729 2310 858 2382 consule,
880 2309 977 2382 inibit,

184 2389 293 2461 Pollio,
314 2395 345 2448 ct
364 2388 502 2466 incipient
520 2390 620 2466 magni
638 2391 797 2467 procedere
814 2405 937 2448 menses.

182 2470 226 2528 Te
246 2468 329 2541 duce,
351 2467 453 2546 siqua
471 2477 600 2542 manent,
621 2467 742 2528 sceleris
763 2466 890 2542 vestigia
910 2465 1004 2528 nostri

180 2546 276 2607 Inrita
296 2554 438 2625 perpetua
456 2550 575 2608 solvent
594 2547 750 2608 formidine
771 2554 880 2607 terras.

181 2628 238 2687 llle
257 2626 352 2686 Dedm
372 2625 466 2687 vitam
484 2627 619 2705 accipiet,
640 2627 781 2704 Ditisque
798 2625 910 2687 videbit

181 2704 352 2767 Permixtos
371 2706 488 2780 heroas,
510 2714 541 2766 et
561 2706 624 2782 ipse
643 2705 792 2766 videbitur
812 2705 894 2780 illis;

138 2805 141 2809 ’
180 2787 380 2863 Pacatumque
400 2792 487 2861 reget
507 2785 613 2863 patriis
632 2784 796 2846 virtutibus
815 2785 928 2844 orbem.

178 2868 222 2925 At
242 2864 296 2924 tibi
317 2864 425 2942 prima,
447 2881 531 2942 puer,
553 2865 634 2924 nullo
654 2865 823 2925 munuscula
840 2864 935 2938 cultu,

178 2946 325 3003 Errantes
344 2945 447 3004 ederas
466 2941 573 3021 passim
594 2961 660 3003 oum
679 2945 800 3006 baccare
819 2943 910 3004 tellus

178 3023 333 3098 Mixtaque
354 3020 465 3082 ridenti
484 3022 627 3082 colocasia
647 3022 748 3083 fundet
768 3023 902 3084 acantho.

177 3103 262 3178 Ipsae
282 3101 360 3161 lacte
379 3102 498 3161 domum
509 3102 640 3161 referent
660 3102 787 3162 distenta
806 3102 935 3179 capellae

178 3182 299 3255 Vbera3
321 3197 375 3239 nec
393 3197 515 3256 magnos
533 3188 666 3242 metuent
685 3191 818 3242 armenta
839 3183 946 3241 leones.

177 3260 245 3336 Ipsa
265 3259 320 3318 tibi
340 3259 460 3320 blandos
479 3259 600 3320 fundent
621 3261 762 3320 cunabula
782 3261 880 3321 flores.

178 3339 299 3399 Occidet
319 3346 350 3400 et
371 3356 501 3416 serpens,
523 3347 554 3398 ot
574 3338 665 3398 fallax
684 3341 776 3398 herba
797 3340 900 3399 veneni

178 3417 322 3496 occidet,
343 3418 502 3496 Assyrium
522 3419 614 3494 vulgo
633 3425 770 3479 nascetur
790 3437 945 3478 amomum.
